day;timestamp;product;bid_price_1;bid_volume_1;bid_price_2;bid_volume_2;bid_price_3;bid_volume_3;ask_price_1;ask_volume_1;ask_price_2;ask_volume_2;ask_price_3;ask_volume_3;mid_price;profit_and_loss
0;0;AMETHYSTS;9998;9;9995;23;;;10005;23;;;;;10001.5;0.0
0;0;STARFRUIT;5036;23;;;;;5043;23;;;;;5039.5;0.0
0;100;AMETHYSTS;10002;1;10000;2;9998;4;10004;1;10005;21;;;10003.0;0.0
0;100;STARFRUIT;5042;1;5039;2;5037;1;5043;22;;;;;5042.5;0.0
0;200;AMETHYSTS;9996;1;9995;21;;;10004;1;10005;21;;;10000.0;2.0
0;200;STARFRUIT;5037;1;5036;21;;;5043;1;5044;21;;;5040.0;0.0
0;300;STARFRUIT;5042;1;5037;26;;;5044;26;;;;;5043.0;0.0
0;300;AMETHYSTS;9995;26;;;;;10005;26;;;;;10000.0;5.0
0;400;AMETHYSTS;9998;8;9996;2;9995;26;10004;2;10005;26;;;10001.0;5.0
0;400;STARFRUIT;5037;28;;;;;5044;28;;;;;5040.5;0.0
0;500;AMETHYSTS;9998;8;9996;1;9995;23;10004;1;10005;23;;;10001.0;5.0
0;500;STARFRUIT;5037;24;;;;;5042;3;5044;24;;;5039.5;0.0
0;600;AMETHYSTS;9996;2;9995;28;;;10004;2;10005;28;;;10000.0;5.0
0;600;STARFRUIT;5041;5;5037;30;;;5044;30;;;;;5042.5;0.0
0;700;STARFRUIT;5036;22;;;;;5043;23;;;;;5039.5;0.0
0;700;AMETHYSTS;9996;1;9995;22;;;10004;1;10005;22;;;10000.0;5.0
0;800;AMETHYSTS;9996;1;9995;24;;;10000;3;10004;1;10005;24;9998.0;5.0
0;800;STARFRUIT;5036;25;;;;;5039;3;5043;25;;;5037.5;0.0
0;900;AMETHYSTS;9996;1;9995;20;;;9998;11;10004;1;10005;20;9997.0;8.0
0;900;STARFRUIT;5036;21;;;;;5043;21;;;;;5039.5;0.0
0;1000;AMETHYSTS;9996;1;9995;30;;;10004;1;10005;30;;;10000.0;30.0
0;1000;STARFRUIT;5037;1;5036;30;;;5043;31;;;;;5040.0;0.0
0;1100;STARFRUIT;5037;22;;;;;5043;1;5044;21;;;5040.0;0.0
0;1100;AMETHYSTS;9996;1;9995;21;;;10002;6;10004;1;10005;21;9999.0;30.0
0;1200;AMETHYSTS;9996;1;9995;22;;;10004;1;10005;22;;;10000.0;30.0
0;1200;STARFRUIT;5036;23;;;;;5037;1;5043;23;;;5036.5;0.0
0;1300;AMETHYSTS;10002;1;9995;25;;;10005;25;;;;;10003.5;30.0
0;1300;STARFRUIT;5036;25;;;;;5043;25;;;;;5039.5;0.0
0;1400;AMETHYSTS;9995;23;;;;;10000;6;10005;23;;;9997.5;32.0
0;1400;STARFRUIT;5036;23;;;;;5039;6;5043;23;;;5037.5;0.0
0;1500;STARFRUIT;5041;1;5036;21;;;5043;21;;;;;5042.0;0.0
0;1500;AMETHYSTS;9996;1;9995;20;;;9998;4;10004;1;10005;20;9997.0;32.0
0;1600;AMETHYSTS;9996;2;9995;28;;;10004;2;10005;28;;;10000.0;40.0
0;1600;STARFRUIT;5037;30;;;;;5043;2;5044;28;;;5040.0;0.0
0;1700;AMETHYSTS;9995;28;;;;;10005;28;;;;;10000.0;40.0
0;1700;STARFRUIT;5036;28;;;;;5041;8;5043;28;;;5038.5;0.0
0;1800;AMETHYSTS;10000;4;9995;23;;;10002;10;10005;23;;;10001.0;40.0
0;1800;STARFRUIT;5040;4;5036;23;;;5044;23;;;;;5042.0;0.0
0;1900;STARFRUIT;5036;31;;;;;5043;32;;;;;5039.5;0.0
0;1900;AMETHYSTS;9996;2;9995;30;;;10004;2;10005;30;;;10000.0;40.0
0;2000;AMETHYSTS;9996;2;9995;21;;;10004;2;10005;21;;;10000.0;40.0
0;2000;STARFRUIT;5036;23;;;;;5043;23;;;;;5039.5;0.0
0;2100;AMETHYSTS;9996;2;9995;26;;;10004;2;10005;26;;;10000.0;40.0
0;2100;STARFRUIT;5036;28;;;;;5041;5;5043;28;;;5038.5;0.0
0;2200;AMETHYSTS;9996;1;9995;20;;;9998;4;10004;1;10005;20;9997.0;40.0
0;2200;STARFRUIT;5037;4;5036;21;;;5043;21;;;;;5040.0;0.0
0;2300;STARFRUIT;5038;5;5037;24;;;5043;2;5044;22;;;5040.5;0.0
0;2300;AMETHYSTS;9996;2;9995;22;;;10004;2;10005;22;;;10000.0;48.0
0;2400;AMETHYSTS;9996;2;9995;20;;;10004;2;10005;20;;;10000.0;48.0
0;2400;STARFRUIT;5037;22;;;;;5043;2;5044;20;;;5040.0;0.0
0;2500;AMETHYSTS;9998;3;9996;2;9995;21;10004;2;10005;21;;;10001.0;48.0
0;2500;STARFRUIT;5036;23;;;;;5043;23;;;;;5039.5;0.0
0;2600;AMETHYSTS;10002;1;9996;1;9995;29;10004;1;10005;29;;;10003.0;48.0
0;2600;STARFRUIT;5035;30;;;;;5042;30;;;;;5038.5;0.0
0;2700;STARFRUIT;5036;7;5035;23;;;5041;2;5042;21;;;5038.5;0.0
0;2700;AMETHYSTS;9998;7;9996;2;9995;21;10004;2;10005;21;;;10001.0;50.0
0;2800;AMETHYSTS;9995;27;;;;;10005;27;;;;;10000.0;50.0
0;2800;STARFRUIT;5035;27;;;;;5042;27;;;;;5038.5;0.0
0;2900;AMETHYSTS;9996;2;9995;20;;;10004;2;10005;20;;;10000.0;50.0
0;2900;STARFRUIT;5035;22;;;;;5042;22;;;;;5038.5;0.0
0;3000;AMETHYSTS;9996;1;9995;29;;;10004;1;10005;29;;;10000.0;50.0
0;3000;STARFRUIT;5040;1;5035;6;5034;29;5041;30;;;;;5040.5;0.0
0;3100;STARFRUIT;5035;1;5034;27;;;5041;28;;;;;5038.0;0.0
0;3100;AMETHYSTS;9998;5;9996;1;9995;27;10004;1;10005;27;;;10001.0;50.0
0;3200;STARFRUIT;5035;24;;;;;5038;5;5042;24;;;5036.5;0.0
0;3200;AMETHYSTS;10002;2;9995;24;;;10005;24;;;;;10003.5;50.0
0;3300;AMETHYSTS;10002;1;9996;1;9995;24;10004;1;10005;24;;;10003.0;54.0
0;3300;STARFRUIT;5034;25;;;;;5041;25;;;;;5037.5;0.0
0;3400;STARFRUIT;5034;29;;;;;5041;29;;;;;5037.5;0.0
0;3400;AMETHYSTS;9998;10;9996;2;9995;27;10004;2;10005;27;;;10001.0;56.0
0;3500;STARFRUIT;5034;26;;;;;5041;26;;;;;5037.5;0.0
0;3500;AMETHYSTS;9995;26;;;;;10002;10;10005;26;;;9998.5;56.0
0;3600;STARFRUIT;5034;27;;;;;5041;27;;;;;5037.5;0.0
0;3600;AMETHYSTS;9995;27;;;;;10002;8;10005;27;;;9998.5;56.0
0;3700;AMETHYSTS;9998;3;9995;25;;;10005;25;;;;;10001.5;56.0
0;3700;STARFRUIT;5034;25;;;;;5041;25;;;;;5037.5;0.0
0;3800;STARFRUIT;5034;24;;;;;5039;7;5041;24;;;5036.5;0.0
0;3800;AMETHYSTS;9995;24;;;;;10005;24;;;;;10000.0;56.0
0;3900;STARFRUIT;5035;1;5034;26;;;5040;2;5041;24;;;5037.5;0.0
0;3900;AMETHYSTS;9996;2;9995;24;;;10004;2;10005;24;;;10000.0;56.0
0;4000;STARFRUIT;5034;30;;;;;5041;31;;;;;5037.5;0.0
0;4000;AMETHYSTS;10002;1;9996;1;9995;30;10004;1;10005;30;;;10003.0;56.0
0;4100;AMETHYSTS;10000;5;9996;2;9995;22;10002;4;10004;2;10005;22;10001.0;58.0
0;4100;STARFRUIT;5037;5;5035;2;5034;22;5041;24;;;;;5039.0;0.0
0;4200;STARFRUIT;5034;29;;;;;5039;7;5041;29;;;5036.5;0.0
0;4200;AMETHYSTS;10002;5;9996;1;9995;28;10004;1;10005;28;;;10003.0;58.0
0;4300;STARFRUIT;5034;26;;;;;5036;2;5041;26;;;5035.0;0.0
0;4300;AMETHYSTS;9995;26;;;;;10002;8;10005;26;;;9998.5;68.0
0;4400;STARFRUIT;5035;28;;;;;5042;28;;;;;5038.5;0.0
0;4400;AMETHYSTS;9995;28;;;;;10005;28;;;;;10000.0;68.0
0;4500;AMETHYSTS;9995;26;;;;;10005;26;;;;;10000.0;68.0
0;4500;STARFRUIT;5035;26;;;;;5040;8;5042;26;;;5037.5;0.0
0;4600;STARFRUIT;5035;21;;;;;5040;3;5042;21;;;5037.5;0.0
0;4600;AMETHYSTS;9995;21;;;;;10005;21;;;;;10000.0;68.0
0;4700;STARFRUIT;5034;26;;;;;5041;26;;;;;5037.5;0.0
0;4700;AMETHYSTS;9998;5;9995;26;;;10005;26;;;;;10001.5;68.0
0;4800;STARFRUIT;5039;1;5035;7;5034;23;5041;23;;;;;5040.0;0.0
0;4800;AMETHYSTS;9996;1;9995;22;;;10004;1;10005;22;;;10000.0;68.0
0;4900;AMETHYSTS;9996;2;9995;22;;;10004;2;10005;22;;;10000.0;68.0
0;4900;STARFRUIT;5033;24;;;;;5038;6;5040;24;;;5035.5;2.3544921875
0;5000;STARFRUIT;5033;6;5032;30;;;5039;31;;;;;5036.0;3.107421875
0;5000;AMETHYSTS;9998;9;9996;1;9995;30;10004;1;10005;30;;;10001.0;68.0
0;5100;STARFRUIT;5032;26;;;;;5039;26;;;;;5035.5;3.1533203125
0;5100;AMETHYSTS;9995;26;;;;;10005;26;;;;;10000.0;68.0
0;5200;STARFRUIT;5035;5;5033;8;5032;23;5039;25;;;;;5037.0;3.17724609375
0;5200;AMETHYSTS;10000;5;9998;7;9996;2;10004;2;10005;23;;;10002.0;68.0
0;5300;AMETHYSTS;9995;22;;;;;9998;12;10005;22;;;9996.5;68.0
0;5300;STARFRUIT;5032;22;;;;;5039;22;;;;;5035.5;3.4794921875
0;5400;STARFRUIT;5032;30;;;;;5039;30;;;;;5035.5;3.25146484375
0;5400;AMETHYSTS;9995;30;;;;;10005;30;;;;;10000.0;92.0
0;5500;AMETHYSTS;9996;1;9995;28;;;10004;1;10005;28;;;10000.0;96.0
0;5500;STARFRUIT;5032;29;;;;;5033;8;5039;29;;;5032.5;5.5732421875
0;5600;AMETHYSTS;9998;2;9996;2;9995;23;10004;2;10005;23;;;10001.0;102.0
0;5600;STARFRUIT;5032;25;;;;;5038;2;5039;23;;;5035.0;23.3828125
0;5700;AMETHYSTS;9996;1;9995;30;;;10004;1;10005;30;;;10000.0;102.0
0;5700;STARFRUIT;5032;3;5031;31;;;5038;31;;;;;5035.0;19.9375
0;5800;STARFRUIT;5031;30;;;;;5038;30;;;;;5034.5;20.884765625
0;5800;AMETHYSTS;9996;2;9995;28;;;10004;2;10005;28;;;10000.0;102.0
0;5900;AMETHYSTS;9996;2;9995;21;;;10004;2;10005;21;;;10000.0;102.0
0;5900;STARFRUIT;5031;23;;;;;5038;23;;;;;5034.5;21.5859375
0;6000;AMETHYSTS;9995;30;;;;;10002;10;10005;30;;;9998.5;102.0
0;6000;STARFRUIT;5031;30;;;;;5038;30;;;;;5034.5;20.96484375
0;6100;AMETHYSTS;9996;1;9995;24;;;10004;1;10005;24;;;10000.0;102.0
0;6100;STARFRUIT;5031;25;;;;;5037;1;5038;24;;;5034.0;17.4921875
0;6200;STARFRUIT;5036;1;5031;30;;;5038;30;;;;;5037.0;18.482421875
0;6200;AMETHYSTS;9998;3;9996;1;9995;29;10004;1;10005;29;;;10001.0;102.0
0;6300;AMETHYSTS;9995;22;;;;;10005;22;;;;;10000.0;102.0
0;6300;STARFRUIT;5030;22;;;;;5037;22;;;;;5033.5;17.140625
0;6400;AMETHYSTS;9996;1;9995;23;;;10002;6;10004;1;10005;23;9999.0;102.0
0;6400;STARFRUIT;5030;24;;;;;5036;1;5037;23;;;5033.0;46.1171875
0;6500;AMETHYSTS;9995;22;;;;;10005;22;;;;;10000.0;102.0
0;6500;STARFRUIT;5029;22;;;;;5036;22;;;;;5032.5;47.1640625
0;6600;STARFRUIT;5030;29;;;;;5031;7;5036;2;5037;27;5030.5;45.986328125
0;6600;AMETHYSTS;9996;2;9995;27;;;10004;2;10005;27;;;10000.0;102.0
0;6700;AMETHYSTS;9996;1;9995;30;;;10004;1;10005;30;;;10000.0;102.0
0;6700;STARFRUIT;5030;1;5029;30;;;5034;7;5036;31;;;5032.0;60.89794921875
0;6800;AMETHYSTS;10000;5;9996;2;9995;29;10004;2;10005;29;;;10002.0;105.0
0;6800;STARFRUIT;5033;4;5030;31;;;5037;31;;;;;5035.0;61.31494140625
0;6900;AMETHYSTS;9996;2;9995;27;;;10004;2;10005;27;;;10000.0;105.0
0;6900;STARFRUIT;5030;29;;;;;5035;3;5037;29;;;5032.5;61.35791015625
0;7000;STARFRUIT;5030;8;5029;30;;;5036;31;;;;;5033.0;60.79150390625
0;7000;AMETHYSTS;9996;1;9995;30;;;10004;1;10005;30;;;10000.0;105.0
0;7100;AMETHYSTS;9996;1;9995;30;;;9998;5;10002;7;10004;1;9997.0;105.0
0;7100;STARFRUIT;5030;1;5029;30;;;5036;31;;;;;5033.0;60.8046875
0;7200;AMETHYSTS;9996;1;9995;22;;;10002;1;10004;1;10005;22;9999.0;115.0
0;7200;STARFRUIT;5031;6;5030;23;;;5036;1;5037;22;;;5033.5;61.181640625
0;7300;AMETHYSTS;9996;1;9995;25;;;10004;1;10005;25;;;10000.0;136.0
0;7300;STARFRUIT;5030;26;;;;;5036;1;5037;25;;;5033.0;61.04296875
0;7400;STARFRUIT;5030;22;;;;;5037;22;;;;;5033.5;61.19091796875
0;7400;AMETHYSTS;10002;1;9995;22;;;10005;22;;;;;10003.5;136.0
0;7500;AMETHYSTS;9995;29;;;;;10005;29;;;;;10000.0;138.0
0;7500;STARFRUIT;5030;29;;;;;5035;3;5037;29;;;5032.5;90.015625
0;7600;AMETHYSTS;10002;1;9995;27;;;10005;27;;;;;10003.5;138.0
0;7600;STARFRUIT;5031;27;;;;;5038;27;;;;;5034.5;84.63671875
0;7700;STARFRUIT;5030;26;;;;;5037;26;;;;;5033.5;91.36328125
0;7700;AMETHYSTS;9996;1;9995;25;;;10002;5;10004;1;10005;25;9999.0;140.0
0;7800;AMETHYSTS;9995;23;;;;;10005;23;;;;;10000.0;140.0
0;7800;STARFRUIT;5031;1;5030;23;;;5037;23;;;;;5034.0;91.05859375
0;7900;AMETHYSTS;9996;2;9995;22;;;10002;7;10004;2;10005;22;9999.0;140.0
0;7900;STARFRUIT;5030;24;;;;;5037;24;;;;;5033.5;94.640625
0;8000;AMETHYSTS;10000;3;9996;2;9995;28;10004;2;10005;28;;;10002.0;140.0
0;8000;STARFRUIT;5036;1;5033;3;5031;2;5037;30;;;;;5036.5;89.015625
0;8100;STARFRUIT;5030;25;;;;;5037;25;;;;;5033.5;90.9921875
0;8100;AMETHYSTS;9995;25;;;;;10005;25;;;;;10000.0;140.0
0;8200;AMETHYSTS;9996;2;9995;25;;;10004;2;10005;25;;;10000.0;140.0
0;8200;STARFRUIT;5030;27;;;;;5037;27;;;;;5033.5;93.4921875
0;8300;AMETHYSTS;9998;9;9995;28;;;10005;28;;;;;10001.5;143.0
0;8300;STARFRUIT;5030;28;;;;;5037;28;;;;;5033.5;91.70703125
0;8400;AMETHYSTS;9998;5;9995;29;;;10005;29;;;;;10001.5;143.0
0;8400;STARFRUIT;5031;29;;;;;5038;29;;;;;5034.5;87.328125
0;8500;STARFRUIT;5032;8;5031;27;;;5037;2;5038;25;;;5034.5;88.53515625
0;8500;AMETHYSTS;9996;2;9995;25;;;10004;2;10005;25;;;10000.0;143.0
0;8600;AMETHYSTS;9996;2;9995;27;;;10004;2;10005;27;;;10000.0;143.0
0;8600;STARFRUIT;5031;29;;;;;5037;2;5038;27;;;5034.0;89.625
0;8700;AMETHYSTS;9996;2;9995;22;;;10004;2;10005;22;;;10000.0;143.0
0;8700;STARFRUIT;5035;1;5031;8;5030;24;5037;24;;;;;5036.0;98.3671875
0;8800;AMETHYSTS;9996;1;9995;30;;;10004;1;10005;30;;;10000.0;143.0
0;8800;STARFRUIT;5030;31;;;;;5037;31;;;;;5033.5;98.109375
0;8900;STARFRUIT;5031;2;5030;26;;;5037;26;;;;;5034.0;101.140625
0;8900;AMETHYSTS;9995;26;;;;;10005;26;;;;;10000.0;143.0
0;9000;AMETHYSTS;9995;23;;;;;10005;23;;;;;10000.0;143.0
0;9000;STARFRUIT;5030;23;;;;;5037;23;;;;;5033.5;102.578125
0;9100;AMETHYSTS;9995;22;;;;;9998;1;10005;22;;;9996.5;143.0
0;9100;STARFRUIT;5030;5;5029;22;;;5036;22;;;;;5033.0;106.8203125
0;9200;AMETHYSTS;9996;2;9995;25;;;10004;2;10005;25;;;10000.0;156.0
0;9200;STARFRUIT;5030;5;5029;25;;;5036;27;;;;;5033.0;105.5078125
0;9300;STARFRUIT;5030;1;5029;29;;;5036;30;;;;;5033.0;106.109375
0;9300;AMETHYSTS;10002;11;9998;1;9996;1;10004;1;10005;29;;;10003.0;156.0
0;9400;AMETHYSTS;10002;1;9996;2;9995;28;10004;2;10005;28;;;10003.0;178.0
0;9400;STARFRUIT;5031;3;5030;30;;;5036;2;5037;28;;;5033.5;101.828125
0;9500;AMETHYSTS;10002;1;9996;2;9995;24;10004;2;10005;24;;;10003.0;180.0
0;9500;STARFRUIT;5030;2;5029;24;;;5036;26;;;;;5033.0;106.6484375
0;9600;AMETHYSTS;9996;1;9995;20;;;10002;6;10004;1;10005;20;9999.0;182.0
0;9600;STARFRUIT;5029;21;;;;;5036;21;;;;;5032.5;109.625
0;9700;STARFRUIT;5029;31;;;;;5032;5;5034;5;5036;31;5030.5;111.046875
0;9700;AMETHYSTS;9996;1;9995;30;;;10000;4;10004;1;10005;30;9998.0;182.0
0;9800;AMETHYSTS;9998;1;9996;2;9995;24;10004;2;10005;24;;;10001.0;182.0
0;9800;STARFRUIT;5029;26;;;;;5036;26;;;;;5032.5;114.07421875
0;9900;AMETHYSTS;9995;24;;;;;10005;24;;;;;10000.0;182.0
0;9900;STARFRUIT;5029;24;;;;;5036;24;;;;;5032.5;115.80078125
0;10000;AMETHYSTS;9995;27;;;;;10005;27;;;;;10000.0;182.0
0;10000;STARFRUIT;5029;27;;;;;5036;27;;;;;5032.5;115.75390625
0;10100;STARFRUIT;5028;21;;;;;5033;5;5035;21;;;5030.5;121.40234375
0;10100;AMETHYSTS;10002;4;9996;1;9995;20;10004;1;10005;20;;;10003.0;182.0
0;10200;AMETHYSTS;9995;20;;;;;10005;20;;;;;10000.0;190.0
0;10200;STARFRUIT;5028;20;;;;;5035;20;;;;;5031.5;121.18359375
0;10300;AMETHYSTS;9996;1;9995;24;;;10004;1;10005;24;;;10000.0;190.0
0;10300;STARFRUIT;5030;5;5029;25;;;5035;1;5036;24;;;5032.5;118.40625
0;10400;AMETHYSTS;9995;25;;;;;10005;25;;;;;10000.0;193.0
0;10400;STARFRUIT;5029;25;;;;;5036;25;;;;;5032.5;117.87890625
0;10500;STARFRUIT;5030;8;5029;26;;;5037;26;;;;;5033.5;110.0546875
0;10500;AMETHYSTS;9995;26;;;;;10005;26;;;;;10000.0;193.0
0;10600;AMETHYSTS;9995;20;;;;;10005;20;;;;;10000.0;193.0
0;10600;STARFRUIT;5034;3;5029;20;;;5036;20;;;;;5035.0;114.69921875
0;10700;AMETHYSTS;9995;24;;;;;9998;3;10005;24;;;9996.5;193.0
0;10700;STARFRUIT;5030;7;5029;24;;;5036;24;;;;;5033.0;118.796875
0;10800;AMETHYSTS;9995;23;;;;;10002;1;10005;23;;;9998.5;199.0
0;10800;STARFRUIT;5030;6;5029;23;;;5036;23;;;;;5033.0;118.37109375
0;10900;STARFRUIT;5029;1;5028;22;;;5031;6;5035;23;;;5030.0;130.80859375
0;10900;AMETHYSTS;9996;1;9995;22;;;10000;6;10004;1;10005;22;9998.0;199.0
0;11000;AMETHYSTS;9996;1;9995;26;;;10004;1;10005;26;;;10000.0;199.0
0;11000;STARFRUIT;5028;27;;;;;5033;2;5035;27;;;5030.5;128.904296875
0;11100;AMETHYSTS;9996;1;9995;30;;;10002;1;10004;1;10005;30;9999.0;199.0
0;11100;STARFRUIT;5029;1;5028;31;;;5034;1;5035;30;;;5031.5;128.5390625
0;11200;AMETHYSTS;9996;2;9995;28;;;10004;2;10005;28;;;10000.0;199.0
0;11200;STARFRUIT;5028;2;5027;28;;;5032;5;5034;30;;;5030.0;127.353515625
0;11300;STARFRUIT;5027;27;;;;;5034;27;;;;;5030.5;126.560546875
0;11300;AMETHYSTS;9996;2;9995;25;;;10002;2;10004;2;10005;25;9999.0;199.0
0;11400;AMETHYSTS;9995;30;;;;;10005;30;;;;;10000.0;199.0
0;11400;STARFRUIT;5027;30;;;;;5034;30;;;;;5030.5;125.884765625
0;11500;AMETHYSTS;9996;1;9995;28;;;10004;1;10005;28;;;10000.0;199.0
0;11500;STARFRUIT;5027;29;;;;;5032;5;5034;29;;;5029.5;127.123046875
0;11600;AMETHYSTS;9996;2;9995;22;;;10004;2;10005;22;;;10000.0;199.0
0;11600;STARFRUIT;5027;24;;;;;5032;7;5034;24;;;5029.5;126.716796875
0;11700;STARFRUIT;5029;4;5027;2;5026;20;5033;22;;;;;5031.0;124.44921875
0;11700;AMETHYSTS;10000;4;9996;2;9995;20;10004;2;10005;20;;;10002.0;199.0
0;11800;AMETHYSTS;9998;10;9996;1;9995;21;10004;1;10005;21;;;10001.0;199.0
0;11800;STARFRUIT;5026;22;;;;;5033;22;;;;;5029.5;123.439453125
0;11900;AMETHYSTS;10002;1;10000;4;9998;1;10004;1;10005;22;;;10003.0;199.0
0;11900;STARFRUIT;5028;4;5026;1;5025;22;5032;23;;;;;5030.0;121.298828125
0;12000;STARFRUIT;5025;28;;;;;5032;28;;;;;5028.5;120.31640625
0;12000;AMETHYSTS;9996;1;9995;27;;;10004;1;10005;27;;;10000.0;201.0
0;12100;STARFRUIT;5026;2;5025;23;;;5032;25;;;;;5029.0;121.5869140625
0;12100;AMETHYSTS;9996;2;9995;23;;;9998;8;10004;2;10005;23;9997.0;201.0
0;12200;STARFRUIT;5025;25;;;;;5032;25;;;;;5028.5;121.2529296875
0;12200;AMETHYSTS;9996;2;9995;23;;;10004;2;10005;23;;;10000.0;217.0
0;12300;AMETHYSTS;9996;1;9995;24;;;10002;3;10004;1;10005;24;9999.0;217.0
0;12300;STARFRUIT;5026;5;5025;24;;;5032;25;;;;;5029.0;121.66796875
0;12400;STARFRUIT;5026;29;;;;;5033;29;;;;;5029.5;122.60546875
0;12400;AMETHYSTS;10002;1;9998;5;9995;29;10005;29;;;;;10003.5;217.0
0;12500;STARFRUIT;5029;3;5026;23;;;5033;23;;;;;5031.0;122.9609375
0;12500;AMETHYSTS;10000;3;9996;1;9995;22;10004;1;10005;22;;;10002.0;219.0
0;12600;STARFRUIT;5029;4;5026;26;;;5033;26;;;;;5031.0;123.1328125
0;12600;AMETHYSTS;10000;4;9995;26;;;10005;26;;;;;10002.5;219.0
0;12700;AMETHYSTS;10002;1;9996;1;9995;27;10004;1;10005;27;;;10003.0;219.0
0;12700;STARFRUIT;5027;28;;;;;5034;28;;;;;5030.5;125.7880859375
0;12800;STARFRUIT;5030;4;5027;30;;;5034;30;;;;;5032.0;126.392578125
0;12800;AMETHYSTS;10000;4;9996;2;9995;28;10002;9;10004;2;10005;28;10001.0;221.0
0;12900;STARFRUIT;5027;23;;;;;5032;2;5034;23;;;5029.5;124.5625
0;12900;AMETHYSTS;9996;2;9995;21;;;10002;4;10004;2;10005;21;9999.0;221.0
0;13000;STARFRUIT;5027;32;;;;;5034;32;;;;;5030.5;124.39794921875
0;13000;AMETHYSTS;9996;2;9995;30;;;10002;2;10004;2;10005;30;9999.0;221.0
0;13100;AMETHYSTS;9995;21;;;;;10000;2;10005;21;;;9997.5;221.0
0;13100;STARFRUIT;5028;21;;;;;5031;2;5035;21;;;5029.5;123.916015625
0;13200;STARFRUIT;5033;1;5029;7;5028;31;5035;31;;;;;5034.0;123.6962890625
0;13200;AMETHYSTS;9998;9;9996;2;9995;29;10004;2;10005;29;;;10001.0;221.0
0;13300;STARFRUIT;5028;23;;;;;5035;23;;;;;5031.5;124.9580078125
0;13300;AMETHYSTS;10002;2;9996;1;9995;22;10004;1;10005;22;;;10003.0;221.0
0;13400;STARFRUIT;5028;26;;;;;5035;26;;;;;5031.5;124.953125
0;13400;AMETHYSTS;9995;26;;;;;10005;26;;;;;10000.0;225.0
0;13500;AMETHYSTS;9996;1;9995;24;;;10004;1;10005;24;;;10000.0;225.0
0;13500;STARFRUIT;5028;25;;;;;5035;25;;;;;5031.5;125.36328125
0;13600;STARFRUIT;5028;26;;;;;5033;3;5035;26;;;5030.5;124.8447265625
0;13600;AMETHYSTS;9996;2;9995;24;;;10002;6;10004;2;10005;24;9999.0;225.0
0;13700;STARFRUIT;5028;28;;;;;5035;28;;;;;5031.5;124.375
0;13700;AMETHYSTS;10002;1;9995;28;;;10005;28;;;;;10003.5;225.0
0;13800;STARFRUIT;5028;23;;;;;5035;23;;;;;5031.5;124.1279296875
0;13800;AMETHYSTS;9998;1;9995;23;;;10005;23;;;;;10001.5;227.0
0;13900;AMETHYSTS;9996;1;9995;20;;;10004;1;10005;20;;;10000.0;227.0
0;13900;STARFRUIT;5029;21;;;;;5031;3;5036;21;;;5030.0;122.853515625
0;14000;STARFRUIT;5030;3;5029;28;;;5036;29;;;;;5033.0;122.2724609375
0;14000;AMETHYSTS;10002;6;9998;1;9996;1;10004;1;10005;28;;;10003.0;227.0
0;14100;STARFRUIT;5029;22;;;;;5036;22;;;;;5032.5;122.5888671875
0;14100;AMETHYSTS;9996;2;9995;20;;;10002;4;10004;2;10005;20;9999.0;240.0
0;14200;STARFRUIT;5029;21;;;;;5036;21;;;;;5032.5;122.978515625
0;14200;AMETHYSTS;9995;21;;;;;10005;21;;;;;10000.0;240.0
0;14300;AMETHYSTS;9996;1;9995;21;;;10004;1;10005;21;;;10000.0;240.0
0;14300;STARFRUIT;5029;1;5028;21;;;5035;22;;;;;5032.0;124.14453125
0;14400;STARFRUIT;5029;22;;;;;5036;23;;;;;5032.5;123.142578125
0;14400;AMETHYSTS;10002;4;9996;2;9995;21;10004;2;10005;21;;;10003.0;240.0
0;14500;AMETHYSTS;9996;1;9995;28;;;10002;10;10004;1;10005;28;9999.0;250.0
0;14500;STARFRUIT;5029;29;;;;;5034;6;5036;29;;;5031.5;123.16796875
0;14600;AMETHYSTS;9996;1;9995;27;;;10004;1;10005;27;;;10000.0;250.0
0;14600;STARFRUIT;5029;1;5028;27;;;5030;3;5035;1;5036;27;5029.5;124.0302734375
0;14700;AMETHYSTS;9996;1;9995;23;;;10004;1;10005;23;;;10000.0;250.0
0;14700;STARFRUIT;5029;24;;;;;5034;2;5035;1;5036;23;5031.5;130.0537109375
0;14800;STARFRUIT;5029;1;5028;30;;;5033;3;5035;31;;;5031.0;129.84228515625
0;14800;AMETHYSTS;9996;1;9995;30;;;9998;1;10004;1;10005;30;9997.0;250.0
0;14900;AMETHYSTS;9996;1;9995;25;;;10002;1;10004;1;10005;25;9999.0;252.0
0;14900;STARFRUIT;5032;4;5028;26;;;5035;26;;;;;5033.5;129.302734375
0;15000;AMETHYSTS;9996;2;9995;25;;;10004;2;10005;25;;;10000.0;252.0
0;15000;STARFRUIT;5029;6;5028;25;;;5035;27;;;;;5032.0;129.97119140625
0;15100;AMETHYSTS;9996;1;9995;20;;;9998;1;10004;1;10005;20;9997.0;252.0
0;15100;STARFRUIT;5028;21;;;;;5035;21;;;;;5031.5;129.408203125
0;15200;STARFRUIT;5031;4;5029;4;5028;23;5035;23;;;;;5033.0;129.626953125
0;15200;AMETHYSTS;10000;4;9996;2;9995;21;10002;4;10004;2;10005;21;10001.0;254.0
0;15300;AMETHYSTS;9996;2;9995;22;;;10002;7;10004;2;10005;22;9999.0;254.0
0;15300;STARFRUIT;5028;2;5027;22;;;5033;6;5034;2;5035;22;5030.5;129.00244140625
0;15400;AMETHYSTS;9995;30;;;;;10005;30;;;;;10000.0;254.0
0;15400;STARFRUIT;5027;30;;;;;5034;30;;;;;5030.5;128.78515625
0;15500;AMETHYSTS;9995;25;;;;;9998;11;10005;25;;;9996.5;254.0
0;15500;STARFRUIT;5028;25;;;;;5035;25;;;;;5031.5;129.02978515625
0;15600;STARFRUIT;5028;23;;;;;5034;1;5035;22;;;5031.0;129.0537109375
0;15600;AMETHYSTS;9996;1;9995;22;;;10004;1;10005;22;;;10000.0;276.0
0;15700;AMETHYSTS;9996;2;9995;28;;;10004;2;10005;28;;;10000.0;276.0
0;15700;STARFRUIT;5028;30;;;;;5033;1;5034;2;5035;28;5030.5;129.08984375
0;15800;AMETHYSTS;9998;6;9996;2;9995;26;10004;2;10005;26;;;10001.0;276.0
0;15800;STARFRUIT;5029;4;5028;28;;;5035;28;;;;;5032.0;129.7265625
0;15900;AMETHYSTS;9996;1;9995;20;;;10002;8;10004;1;10005;20;9999.0;282.0
0;15900;STARFRUIT;5029;1;5028;20;;;5030;3;5035;21;;;5029.5;134.12890625
0;16000;STARFRUIT;5029;22;;;;;5034;4;5036;22;;;5031.5;140.5029296875
0;16000;AMETHYSTS;9996;2;9995;20;;;10004;2;10005;20;;;10000.0;282.0
0;16100;AMETHYSTS;9996;1;9995;26;;;10004;1;10005;26;;;10000.0;282.0
0;16100;STARFRUIT;5029;27;;;;;5031;2;5034;8;5036;27;5030.0;141.1259765625
0;16200;AMETHYSTS;9995;27;;;;;10002;4;10005;27;;;9998.5;282.0
0;16200;STARFRUIT;5029;26;;;;;5036;27;;;;;5032.5;140.126953125
0;16300;AMETHYSTS;9996;1;9995;21;;;10004;1;10005;21;;;10000.0;282.0
0;16300;STARFRUIT;5029;22;;;;;5036;22;;;;;5032.5;140.529296875
0;16400;AMETHYSTS;9996;2;9995;25;;;10002;6;10004;2;10005;25;9999.0;288.0
0;16400;STARFRUIT;5028;27;;;;;5033;7;5035;27;;;5030.5;139.5166015625
0;16500;AMETHYSTS;9995;22;;;;;10005;22;;;;;10000.0;288.0
0;16500;STARFRUIT;5028;22;;;;;5033;1;5035;22;;;5030.5;138.0859375
0;16600;AMETHYSTS;9995;26;;;;;10005;26;;;;;10000.0;288.0
0;16600;STARFRUIT;5029;7;5028;26;;;5035;26;;;;;5032.0;138.1142578125
0;16700;STARFRUIT;5028;25;;;;;5035;25;;;;;5031.5;138.5810546875
0;16700;AMETHYSTS;10002;1;9998;2;9995;25;10005;25;;;;;10003.5;288.0
0;16800;AMETHYSTS;10000;2;9996;2;9995;25;10004;2;10005;25;;;10002.0;290.0
0;16800;STARFRUIT;5031;2;5028;27;;;5035;27;;;;;5033.0;138.7666015625
0;16900;AMETHYSTS;9996;2;9995;22;;;10004;2;10005;22;;;10000.0;290.0
0;16900;STARFRUIT;5028;24;;;;;5035;24;;;;;5031.5;138.640625
0;17000;AMETHYSTS;9996;1;9995;25;;;10004;1;10005;25;;;10000.0;290.0
0;17000;STARFRUIT;5029;1;5028;26;;;5034;1;5035;25;;;5031.5;138.1181640625
0;17100;STARFRUIT;5028;1;5027;26;;;5034;27;;;;;5031.0;137.7509765625
0;17100;AMETHYSTS;9996;1;9995;26;;;10004;1;10005;26;;;10000.0;290.0
0;17200;AMETHYSTS;9996;1;9995;27;;;10004;1;10005;27;;;10000.0;290.0
0;17200;STARFRUIT;5028;5;5027;28;;;5034;28;;;;;5031.0;136.533203125
0;17300;AMETHYSTS;9996;1;9995;27;;;10004;1;10005;27;;;10000.0;290.0
0;17300;STARFRUIT;5026;28;;;;;5031;6;5032;1;5033;27;5028.5;134.1591796875
0;17400;AMETHYSTS;9995;25;;;;;9998;11;10005;25;;;9996.5;290.0
0;17400;STARFRUIT;5030;3;5026;2;5025;25;5032;25;;;;;5031.0;133.783203125
0;17500;STARFRUIT;5026;28;;;;;5033;28;;;;;5029.5;134.6611328125
0;17500;AMETHYSTS;9996;2;9995;26;;;10004;2;10005;26;;;10000.0;314.0
0;17600;AMETHYSTS;9996;1;9995;29;;;10004;1;10005;29;;;10000.0;314.0
0;17600;STARFRUIT;5027;3;5026;30;;;5032;1;5033;29;;;5029.5;134.0859375
0;17700;AMETHYSTS;9998;2;9995;22;;;10005;22;;;;;10001.5;314.0
0;17700;STARFRUIT;5026;22;;;;;5033;22;;;;;5029.5;134.8212890625
0;17800;AMETHYSTS;9996;2;9995;30;;;9998;3;10002;5;10004;2;9997.0;314.0
0;17800;STARFRUIT;5026;32;;;;;5031;5;5033;32;;;5028.5;135.384765625
0;17900;STARFRUIT;5032;1;5029;2;5026;21;5033;21;;;;;5032.5;135.3125
0;17900;AMETHYSTS;9995;21;;;;;9998;1;10002;3;10005;21;9996.5;320.0
0;18000;AMETHYSTS;9995;24;;;;;10005;24;;;;;10000.0;322.0
0;18000;STARFRUIT;5026;24;;;;;5033;24;;;;;5029.5;137.37353515625
0;18100;AMETHYSTS;9996;2;9995;28;;;10004;2;10005;28;;;10000.0;322.0
0;18100;STARFRUIT;5026;30;;;;;5033;30;;;;;5029.5;137.3642578125
0;18200;AMETHYSTS;9996;2;9995;23;;;10002;10;10004;2;10005;23;9999.0;322.0
0;18200;STARFRUIT;5027;25;;;;;5033;2;5034;23;;;5030.0;162.22265625
0;18300;STARFRUIT;5027;20;;;;;5034;20;;;;;5030.5;166.30078125
0;18300;AMETHYSTS;9995;20;;;;;10005;20;;;;;10000.0;334.0
0;18400;AMETHYSTS;9996;1;9995;21;;;10004;1;10005;21;;;10000.0;334.0
0;18400;STARFRUIT;5032;1;5027;22;;;5033;1;5034;21;;;5032.5;165.15234375
0;18500;AMETHYSTS;9996;2;9995;21;;;10004;2;10005;21;;;10000.0;334.0
0;18500;STARFRUIT;5027;23;;;;;5029;1;5034;23;;;5028.0;171.3046875
0;18600;AMETHYSTS;9996;1;9995;21;;;10004;1;10005;21;;;10000.0;334.0
0;18600;STARFRUIT;5028;22;;;;;5029;9;5035;22;;;5028.5;178.64453125
0;18700;STARFRUIT;5028;30;;;;;5035;30;;;;;5031.5;182.0078125
0;18700;AMETHYSTS;10002;1;9995;30;;;10005;30;;;;;10003.5;334.0
0;18800;AMETHYSTS;9995;24;;;;;10002;7;10005;24;;;9998.5;336.0
0;18800;STARFRUIT;5028;24;;;;;5035;24;;;;;5031.5;179.33203125
0;18900;AMETHYSTS;10002;1;9995;25;;;10005;25;;;;;10003.5;336.0
0;18900;STARFRUIT;5030;7;5029;25;;;5036;25;;;;;5033.0;186.36328125
0;19000;AMETHYSTS;9996;1;9995;30;;;10004;1;10005;30;;;10000.0;338.0
0;19000;STARFRUIT;5029;31;;;;;5036;31;;;;;5032.5;188.87890625
0;19100;STARFRUIT;5030;2;5029;21;;;5036;23;;;;;5033.0;192.421875
0;19100;AMETHYSTS;9996;2;9995;21;;;10004;2;10005;21;;;10000.0;338.0
0;19200;AMETHYSTS;9995;26;;;;;10002;1;10005;26;;;9998.5;338.0
0;19200;STARFRUIT;5030;26;;;;;5037;26;;;;;5033.5;195.625
0;19300;AMETHYSTS;9996;2;9995;23;;;9998;6;10004;2;10005;23;9997.0;338.0
0;19300;STARFRUIT;5032;2;5031;23;;;5038;25;;;;;5035.0;209.3125
0;19400;AMETHYSTS;9996;2;9995;24;;;10002;5;10004;2;10005;24;9999.0;350.0
0;19400;STARFRUIT;5032;26;;;;;5038;2;5039;24;;;5035.0;205.78125
0;19500;STARFRUIT;5031;23;;;;;5038;23;;;;;5034.5;203.96875
0;19500;AMETHYSTS;9995;23;;;;;10005;23;;;;;10000.0;350.0
0;19600;AMETHYSTS;10002;1;9998;5;9996;1;10004;1;10005;26;;;10003.0;350.0
0;19600;STARFRUIT;5032;27;;;;;5038;1;5039;26;;;5035.0;205.90234375
0;19700;AMETHYSTS;9996;2;9995;29;;;10004;2;10005;29;;;10000.0;352.0
0;19700;STARFRUIT;5032;31;;;;;5039;31;;;;;5035.5;224.1640625
0;19800;AMETHYSTS;9996;2;9995;26;;;10004;2;10005;26;;;10000.0;352.0
0;19800;STARFRUIT;5033;2;5032;26;;;5039;28;;;;;5036.0;223.275390625
0;19900;STARFRUIT;5033;1;5032;22;;;5039;23;;;;;5036.0;223.447265625
0;19900;AMETHYSTS;9996;1;9995;22;;;9998;1;10004;1;10005;22;9997.0;352.0
0;20000;AMETHYSTS;9995;26;;;;;9998;1;10005;26;;;9996.5;375.0
0;20000;STARFRUIT;5032;26;;;;;5037;4;5039;26;;;5034.5;224.046875
0;20100;AMETHYSTS;9996;1;9995;29;;;9998;4;10004;1;10005;29;9997.0;377.0
0;20100;STARFRUIT;5033;30;;;;;5038;4;5039;1;5040;29;5035.5;222.314453125
0;20200;AMETHYSTS;10002;1;9995;20;;;10005;20;;;;;10003.5;385.0
0;20200;STARFRUIT;5032;20;;;;;5039;20;;;;;5035.5;224.08203125
0;20300;STARFRUIT;5032;24;;;;;5039;24;;;;;5035.5;223.3203125
0;20300;AMETHYSTS;10002;4;9995;24;;;10005;24;;;;;10003.5;387.0
0;20400;AMETHYSTS;10002;2;9996;1;9995;27;10004;1;10005;27;;;10003.0;395.0
0;20400;STARFRUIT;5032;28;;;;;5033;3;5039;28;;;5032.5;225.6484375
0;20500;AMETHYSTS;9998;7;9996;1;9995;25;10004;1;10005;25;;;10001.0;399.0
0;20500;STARFRUIT;5032;26;;;;;5033;8;5039;26;;;5032.5;232.400390625
0;20600;AMETHYSTS;9996;1;9995;24;;;9998;4;10002;5;10004;1;9997.0;399.0
0;20600;STARFRUIT;5033;25;;;;;5040;25;;;;;5036.5;258.08203125
0;20700;STARFRUIT;5038;2;5034;3;5033;30;5041;30;;;;;5039.5;266.939453125
0;20700;AMETHYSTS;9995;30;;;;;10005;30;;;;;10000.0;409.0
0;20800;AMETHYSTS;9996;2;9995;24;;;10004;2;10005;24;;;10000.0;409.0
0;20800;STARFRUIT;5034;26;;;;;5040;2;5041;24;;;5037.0;294.2265625
0;20900;AMETHYSTS;9996;2;9995;29;;;10004;2;10005;29;;;10000.0;409.0
0;20900;STARFRUIT;5034;31;;;;;5035;1;5041;31;;;5034.5;298.93359375
0;21000;STARFRUIT;5034;26;;;;;5041;26;;;;;5037.5;302.3828125
0;21000;AMETHYSTS;9996;1;9995;25;;;10004;1;10005;25;;;10000.0;409.0
0;21100;STARFRUIT;5034;28;;;;;5037;2;5041;28;;;5035.5;299.0546875
0;21100;AMETHYSTS;9995;28;;;;;10000;2;10005;28;;;9997.5;409.0
0;21200;STARFRUIT;5040;1;5034;29;;;5041;29;;;;;5040.5;303.7578125
0;21200;AMETHYSTS;9995;29;;;;;9998;1;10005;29;;;9996.5;409.0
0;21300;AMETHYSTS;9995;22;;;;;10005;22;;;;;10000.0;411.0
0;21300;STARFRUIT;5034;22;;;;;5040;2;5042;22;;;5037.0;309.2265625
0;21400;STARFRUIT;5035;1;5034;29;;;5041;30;;;;;5038.0;307.90625
0;21400;AMETHYSTS;9996;1;9995;29;;;10004;1;10005;29;;;10000.0;411.0
0;21500;STARFRUIT;5034;28;;;;;5035;5;5041;30;;;5034.5;308.02734375
0;21500;AMETHYSTS;9996;2;9995;28;;;10004;2;10005;28;;;10000.0;411.0
0;21600;STARFRUIT;5035;22;;;;;5042;22;;;;;5038.5;328.5625
0;21600;AMETHYSTS;9998;5;9996;2;9995;20;10004;2;10005;20;;;10001.0;411.0
0;21700;AMETHYSTS;9996;2;9995;25;;;10004;2;10005;25;;;10000.0;411.0
0;21700;STARFRUIT;5035;6;5034;25;;;5041;2;5042;25;;;5038.0;323.8984375
0;21800;STARFRUIT;5035;26;;;;;5042;26;;;;;5038.5;334.234375
0;21800;AMETHYSTS;9996;1;9995;25;;;10004;1;10005;25;;;10000.0;411.0
0;21900;STARFRUIT;5035;27;;;;;5042;27;;;;;5038.5;333.5859375
0;21900;AMETHYSTS;9995;27;;;;;10002;3;10005;27;;;9998.5;411.0
0;22000;STARFRUIT;5035;22;;;;;5042;22;;;;;5038.5;334.59375
0;22000;AMETHYSTS;9996;2;9995;20;;;10004;2;10005;20;;;10000.0;411.0
0;22100;AMETHYSTS;9995;22;;;;;10005;22;;;;;10000.0;411.0
0;22100;STARFRUIT;5035;22;;;;;5040;4;5042;22;;;5037.5;330.375
0;22200;STARFRUIT;5036;3;5035;23;;;5042;23;;;;;5039.0;338.2578125
0;22200;AMETHYSTS;10002;1;9995;23;;;10005;23;;;;;10003.5;411.0
0;22300;STARFRUIT;5036;30;;;;;5043;30;;;;;5039.5;345.59375
0;22300;AMETHYSTS;9996;2;9995;28;;;10004;2;10005;28;;;10000.0;413.0
0;22400;STARFRUIT;5036;24;;;;;5043;24;;;;;5039.5;350.9921875
0;22400;AMETHYSTS;9996;1;9995;23;;;10002;2;10004;1;10005;23;9999.0;413.0
0;22500;AMETHYSTS;9998;2;9995;27;;;10005;27;;;;;10001.5;413.0
0;22500;STARFRUIT;5041;1;5036;27;;;5043;27;;;;;5042.0;342.125
0;22600;STARFRUIT;5042;1;5041;4;5037;4;5043;26;;;;;5042.5;351.796875
0;22600;AMETHYSTS;9998;5;9996;1;9995;25;10004;1;10005;25;;;10001.0;413.0
0;22700;STARFRUIT;5036;26;;;;;5042;1;5043;25;;;5039.0;354.046875
0;22700;AMETHYSTS;9996;1;9995;25;;;10002;9;10004;1;10005;25;9999.0;413.0
0;22800;STARFRUIT;5036;27;;;;;5043;27;;;;;5039.5;356.08984375
0;22800;AMETHYSTS;10002;1;9996;1;9995;26;10004;1;10005;26;;;10003.0;413.0
0;22900;AMETHYSTS;10002;2;9996;1;9995;22;10004;1;10005;22;;;10003.0;417.0
0;22900;STARFRUIT;5036;23;;;;;5037;1;5041;4;5043;23;5036.5;364.6640625
0;23000;STARFRUIT;5042;1;5037;1;5036;20;5043;21;;;;;5042.5;369.1953125
0;23000;AMETHYSTS;9996;1;9995;20;;;10002;2;10004;1;10005;20;9999.0;421.0
0;23100;STARFRUIT;5038;7;5037;28;;;5043;2;5044;26;;;5040.5;376.5234375
0;23100;AMETHYSTS;9996;2;9995;26;;;10004;2;10005;26;;;10000.0;421.0
0;23200;AMETHYSTS;9996;1;9995;24;;;10002;4;10004;1;10005;24;9999.0;421.0
0;23200;STARFRUIT;5037;2;5036;24;;;5043;25;;;;;5040.0;372.7421875
0;23300;AMETHYSTS;9996;2;9995;21;;;10004;2;10005;21;;;10000.0;421.0
0;23300;STARFRUIT;5037;2;5036;21;;;5043;2;5044;21;;;5040.0;373.7421875
0;23400;STARFRUIT;5037;1;5036;29;;;5043;1;5044;29;;;5040.0;373.9453125
0;23400;AMETHYSTS;9996;1;9995;29;;;10004;1;10005;29;;;10000.0;421.0
0;23500;AMETHYSTS;9996;1;9995;30;;;10004;1;10005;30;;;10000.0;421.0
0;23500;STARFRUIT;5038;3;5037;31;;;5044;31;;;;;5041.0;396.609375
0;23600;AMETHYSTS;9996;2;9995;25;;;10004;2;10005;25;;;10000.0;421.0
0;23600;STARFRUIT;5037;1;5036;25;;;5043;27;;;;;5040.0;388.96875
0;23700;AMETHYSTS;9996;1;9995;20;;;10004;1;10005;20;;;10000.0;421.0
0;23700;STARFRUIT;5042;1;5037;21;;;5043;1;5044;20;;;5042.5;390.671875
0;23800;STARFRUIT;5037;22;;;;;5044;22;;;;;5040.5;391.015625
0;23800;AMETHYSTS;9995;22;;;;;10005;22;;;;;10000.0;421.0
0;23900;AMETHYSTS;9995;27;;;;;10005;27;;;;;10000.0;421.0
0;23900;STARFRUIT;5037;27;;;;;5044;27;;;;;5040.5;391.25
0;24000;AMETHYSTS;9995;29;;;;;10005;29;;;;;10000.0;421.0
0;24000;STARFRUIT;5038;6;5037;29;;;5044;29;;;;;5041.0;405.0390625
0;24100;AMETHYSTS;9996;2;9995;20;;;10004;2;10005;20;;;10000.0;421.0
0;24100;STARFRUIT;5037;22;;;;;5044;22;;;;;5040.5;403.6015625
0;24200;STARFRUIT;5038;24;;;;;5043;8;5044;1;5045;23;5040.5;412.859375
0;24200;AMETHYSTS;9996;1;9995;23;;;10002;7;10004;1;10005;23;9999.0;421.0
0;24300;AMETHYSTS;10002;1;9995;27;;;10005;27;;;;;10003.5;421.0
0;24300;STARFRUIT;5038;26;;;;;5043;5;5045;27;;;5040.5;411.5546875
0;24400;AMETHYSTS;9996;1;9995;28;;;10004;1;10005;28;;;10000.0;423.0
0;24400;STARFRUIT;5038;9;5037;28;;;5044;29;;;;;5041.0;406.59375
0;24500;AMETHYSTS;9996;2;9995;24;;;10002;10;10004;2;10005;24;9999.0;423.0
0;24500;STARFRUIT;5037;26;;;;;5044;26;;;;;5040.5;397.3125
0;24600;STARFRUIT;5038;2;5037;22;;;5044;24;;;;;5041.0;406.3359375
0;24600;AMETHYSTS;9996;2;9995;22;;;10002;10;10004;2;10005;22;9999.0;423.0
0;24700;AMETHYSTS;9996;2;9995;20;;;10004;2;10005;20;;;10000.0;423.0
0;24700;STARFRUIT;5037;22;;;;;5044;22;;;;;5040.5;400.796875
0;24800;AMETHYSTS;9995;28;;;;;10005;28;;;;;10000.0;423.0
0;24800;STARFRUIT;5037;28;;;;;5044;28;;;;;5040.5;400.78125
0;24900;AMETHYSTS;9998;7;9995;24;;;10005;24;;;;;10001.5;423.0
0;24900;STARFRUIT;5037;24;;;;;5044;24;;;;;5040.5;396.796875
0;25000;STARFRUIT;5037;28;;;;;5043;1;5044;27;;;5040.0;392.609375
0;25000;AMETHYSTS;10002;1;9996;1;9995;27;10004;1;10005;27;;;10003.0;423.0
0;25100;AMETHYSTS;9998;8;9996;1;9995;26;10004;1;10005;26;;;10001.0;425.0
0;25100;STARFRUIT;5036;27;;;;;5043;27;;;;;5039.5;385.2734375
0;25200;AMETHYSTS;9996;2;9995;24;;;10000;4;10004;2;10005;24;9998.0;425.0
0;25200;STARFRUIT;5037;6;5036;26;;;5039;4;5043;26;;;5038.0;384.78125
0;25300;STARFRUIT;5036;22;;;;;5042;1;5043;21;;;5039.0;372.3046875
0;25300;AMETHYSTS;9998;9;9996;1;9995;21;10004;1;10005;21;;;10001.0;425.0
0;25400;AMETHYSTS;10002;3;9996;2;9995;27;10004;2;10005;27;;;10003.0;425.0
0;25400;STARFRUIT;5035;29;;;;;5042;29;;;;;5038.5;365.265625
0;25500;AMETHYSTS;9996;1;9995;23;;;10004;1;10005;23;;;10000.0;431.0
0;25500;STARFRUIT;5036;1;5035;23;;;5040;6;5042;24;;;5038.0;368.0
0;25600;AMETHYSTS;9995;24;;;;;10005;24;;;;;10000.0;431.0
0;25600;STARFRUIT;5035;24;;;;;5040;6;5042;24;;;5037.5;360.5078125
0;25700;STARFRUIT;5036;1;5035;24;;;5042;1;5043;24;;;5039.0;370.2734375
0;25700;AMETHYSTS;9996;1;9995;24;;;10004;1;10005;24;;;10000.0;431.0
0;25800;AMETHYSTS;10002;1;9996;2;9995;27;10004;2;10005;27;;;10003.0;431.0
0;25800;STARFRUIT;5037;29;;;;;5043;2;5044;27;;;5040.0;390.515625
0;25900;AMETHYSTS;9996;2;9995;27;;;10004;2;10005;27;;;10000.0;433.0
0;25900;STARFRUIT;5037;29;;;;;5044;29;;;;;5040.5;397.515625
0;26000;AMETHYSTS;9995;27;;;;;10005;27;;;;;10000.0;439.0
0;26000;STARFRUIT;5042;1;5037;27;;;5044;27;;;;;5043.0;399.6640625
0;26100;STARFRUIT;5042;1;5038;2;5037;25;5043;1;5044;24;;;5042.5;404.328125
0;26100;AMETHYSTS;10002;1;9998;3;9996;1;10004;1;10005;24;;;10003.0;439.0
0;26200;AMETHYSTS;10002;1;9996;2;9995;27;10004;2;10005;27;;;10003.0;441.0
0;26200;STARFRUIT;5037;29;;;;;5043;2;5044;27;;;5040.0;405.890625
0;26300;AMETHYSTS;9996;1;9995;25;;;10002;1;10004;1;10005;25;9999.0;443.0
0;26300;STARFRUIT;5037;26;;;;;5038;1;5044;26;;;5037.5;416.6796875
0;26400;AMETHYSTS;9995;27;;;;;10005;27;;;;;10000.0;443.0
0;26400;STARFRUIT;5037;27;;;;;5044;27;;;;;5040.5;424.21875
0;26500;STARFRUIT;5038;22;;;;;5044;1;5045;21;;;5041.0;429.0625
0;26500;AMETHYSTS;9996;1;9995;21;;;10004;1;10005;21;;;10000.0;443.0
0;26600;AMETHYSTS;9996;2;9995;29;;;9998;4;10004;2;10005;29;9997.0;443.0
0;26600;STARFRUIT;5037;31;;;;;5044;31;;;;;5040.5;416.8046875
0;26700;AMETHYSTS;9995;26;;;;;10005;26;;;;;10000.0;451.0
0;26700;STARFRUIT;5042;1;5038;8;5037;26;5044;26;;;;;5043.0;414.5234375
0;26800;AMETHYSTS;10002;1;9998;7;9995;20;10005;20;;;;;10003.5;451.0
0;26800;STARFRUIT;5037;20;;;;;5044;20;;;;;5040.5;418.703125
0;26900;STARFRUIT;5037;22;;;;;5044;22;;;;;5040.5;420.359375
0;26900;AMETHYSTS;9995;22;;;;;10005;22;;;;;10000.0;453.0
0;27000;AMETHYSTS;9998;2;9996;1;9995;26;10004;1;10005;26;;;10001.0;453.0
0;27000;STARFRUIT;5037;27;;;;;5042;6;5044;27;;;5039.5;414.1171875
0;27100;AMETHYSTS;9996;2;9995;27;;;9998;1;10002;10;10004;2;9997.0;453.0
0;27100;STARFRUIT;5043;1;5037;29;;;5044;29;;;;;5043.5;419.734375
0;27200;AMETHYSTS;9998;3;9996;2;9995;23;10004;2;10005;23;;;10001.0;455.0
0;27200;STARFRUIT;5042;1;5038;7;5037;25;5043;2;5044;23;;;5042.5;414.75
0;27300;STARFRUIT;5037;25;;;;;5038;1;5044;25;;;5037.5;427.75
0;27300;AMETHYSTS;9995;25;;;;;10002;8;10005;25;;;9998.5;455.0
0;27400;AMETHYSTS;9996;1;9995;22;;;9998;3;10004;1;10005;22;9997.0;455.0
0;27400;STARFRUIT;5041;6;5039;1;5038;22;5045;23;;;;;5043.0;445.15625
0;27500;AMETHYSTS;9995;30;;;;;10005;30;;;;;10000.0;461.0
0;27500;STARFRUIT;5038;30;;;;;5045;30;;;;;5041.5;442.2109375
0;27600;AMETHYSTS;9996;2;9995;26;;;10002;4;10004;2;10005;26;9999.0;461.0
0;27600;STARFRUIT;5043;1;5039;6;5038;28;5045;28;;;;;5044.0;438.6640625
0;27700;STARFRUIT;5038;32;;;;;5045;32;;;;;5041.5;441.75
0;27700;AMETHYSTS;9996;2;9995;30;;;10004;2;10005;30;;;10000.0;461.0
0;27800;AMETHYSTS;9998;2;9996;2;9995;20;10004;2;10005;20;;;10001.0;461.0
0;27800;STARFRUIT;5039;5;5038;22;;;5044;2;5045;20;;;5041.5;434.7734375
0;27900;AMETHYSTS;9995;29;;;;;10005;29;;;;;10000.0;461.0
0;27900;STARFRUIT;5038;29;;;;;5043;8;5045;29;;;5040.5;444.3515625
0;28000;AMETHYSTS;9995;22;;;;;10005;22;;;;;10000.0;461.0
0;28000;STARFRUIT;5039;4;5038;22;;;5045;22;;;;;5042.0;441.34375
0;28100;STARFRUIT;5039;21;;;;;5046;21;;;;;5042.5;456.0390625
0;28100;AMETHYSTS;9996;1;9995;20;;;10004;1;10005;20;;;10000.0;461.0
0;28200;AMETHYSTS;9995;23;;;;;10005;23;;;;;10000.0;470.0
0;28200;STARFRUIT;5039;23;;;;;5046;23;;;;;5042.5;454.984375
0;28300;AMETHYSTS;9996;2;9995;28;;;10004;2;10005;28;;;10000.0;470.0
0;28300;STARFRUIT;5039;30;;;;;5045;2;5046;28;;;5042.0;452.2265625
0;28400;AMETHYSTS;9995;20;;;;;10002;8;10005;20;;;9998.5;470.0
0;28400;STARFRUIT;5039;20;;;;;5046;20;;;;;5042.5;454.3515625
0;28500;STARFRUIT;5039;5;5038;28;;;5045;30;;;;;5042.0;447.8828125
0;28500;AMETHYSTS;9996;2;9995;28;;;10004;2;10005;28;;;10000.0;470.0
0;28600;AMETHYSTS;9996;2;9995;26;;;10000;5;10002;5;10004;2;9998.0;470.0
0;28600;STARFRUIT;5039;27;;;;;5042;5;5045;2;5046;26;5040.5;451.8046875
0;28700;AMETHYSTS;9998;8;9996;2;9995;22;10004;2;10005;22;;;10001.0;470.0
0;28700;STARFRUIT;5039;23;;;;;5045;2;5046;22;;;5042.0;451.953125
0;28800;AMETHYSTS;9995;21;;;;;10002;8;10005;21;;;9998.5;470.0
0;28800;STARFRUIT;5038;21;;;;;5046;21;;;;;5042.0;449.765625
0;28900;STARFRUIT;5040;1;5039;23;;;5045;1;5046;22;;;5042.5;452.7265625
0;28900;AMETHYSTS;9996;1;9995;22;;;10002;5;10004;1;10005;22;9999.0;470.0
0;29000;AMETHYSTS;10002;1;9996;2;9995;24;10004;2;10005;24;;;10003.0;470.0
0;29000;STARFRUIT;5039;26;;;;;5045;2;5046;24;;;5042.0;453.140625
0;29100;AMETHYSTS;9995;23;;;;;10002;2;10005;23;;;9998.5;472.0
0;29100;STARFRUIT;5039;23;;;;;5046;23;;;;;5042.5;452.328125
0;29200;AMETHYSTS;9996;1;9995;22;;;10004;1;10005;22;;;10000.0;472.0
0;29200;STARFRUIT;5040;1;5039;22;;;5046;23;;;;;5043.0;463.96875
0;29300;STARFRUIT;5040;23;;;;;5046;1;5047;22;;;5043.0;468.5078125
0;29300;AMETHYSTS;9996;1;9995;22;;;10004;1;10005;22;;;10000.0;472.0
0;29400;AMETHYSTS;9996;2;9995;23;;;10002;4;10004;2;10005;23;9999.0;472.0
0;29400;STARFRUIT;5039;25;;;;;5046;25;;;;;5042.5;460.046875
0;29500;AMETHYSTS;9998;6;9995;20;;;10005;20;;;;;10001.5;472.0
0;29500;STARFRUIT;5039;20;;;;;5040;1;5046;20;;;5039.5;463.8515625
0;29600;AMETHYSTS;9996;1;9995;26;;;10000;4;10004;1;10005;26;9998.0;472.0
0;29600;STARFRUIT;5040;1;5039;26;;;5042;4;5046;27;;;5041.0;465.8203125
0;29700;STARFRUIT;5040;23;;;;;5045;8;5046;1;5047;22;5042.5;469.484375
0;29700;AMETHYSTS;9996;1;9995;22;;;10002;7;10004;1;10005;22;9999.0;472.0
0;29800;STARFRUIT;5045;1;5040;4;5039;25;5047;25;;;;;5046.0;468.90625
0;29800;AMETHYSTS;9995;25;;;;;10005;25;;;;;10000.0;472.0
0;29900;AMETHYSTS;9996;2;9995;30;;;10004;2;10005;30;;;10000.0;492.0
0;29900;STARFRUIT;5040;32;;;;;5047;32;;;;;5043.5;480.4765625
0;30000;STARFRUIT;5041;6;5040;23;;;5047;25;;;;;5044.0;516.81884765625
0;30000;AMETHYSTS;9998;10;9996;2;9995;23;10004;2;10005;23;;;10001.0;492.0
0;30100;STARFRUIT;5041;1;5040;20;;;5047;21;;;;;5044.0;516.8291015625
0;30100;AMETHYSTS;9996;1;9995;20;;;10004;1;10005;20;;;10000.0;492.0
0;30200;STARFRUIT;5041;30;;;;;5048;30;;;;;5044.5;517.2607421875
0;30200;AMETHYSTS;9996;2;9995;28;;;9998;1;10002;8;10004;2;9997.0;492.0
0;30300;AMETHYSTS;10002;4;9996;2;9995;29;10004;2;10005;29;;;10003.0;494.0
0;30300;STARFRUIT;5041;31;;;;;5046;1;5047;2;5048;29;5043.5;517.07958984375
0;30400;STARFRUIT;5045;2;5040;30;;;5047;30;;;;;5046.0;516.529296875
0;30400;AMETHYSTS;9995;30;;;;;10005;30;;;;;10000.0;502.0
0;30500;STARFRUIT;5040;7;5039;28;;;5046;30;;;;;5043.0;520.08984375
0;30500;AMETHYSTS;9996;2;9995;28;;;10004;2;10005;28;;;10000.0;502.0
0;30600;STARFRUIT;5040;32;;;;;5045;7;5046;2;5047;30;5042.5;519.921875
0;30600;AMETHYSTS;10002;1;9996;2;9995;30;10004;2;10005;30;;;10003.0;502.0
0;30700;AMETHYSTS;9996;2;9995;27;;;10004;2;10005;27;;;10000.0;508.0
0;30700;STARFRUIT;5039;29;;;;;5046;29;;;;;5042.5;520.30810546875
0;30800;STARFRUIT;5039;2;5038;29;;;5045;31;;;;;5042.0;521.044921875
0;30800;AMETHYSTS;9998;8;9996;2;9995;29;10004;2;10005;29;;;10001.0;508.0
0;30900;STARFRUIT;5038;21;;;;;5043;7;5045;21;;;5040.5;521.109375
0;30900;AMETHYSTS;9995;21;;;;;10005;21;;;;;10000.0;508.0
0;31000;STARFRUIT;5043;1;5042;5;5038;28;5045;28;;;;;5044.0;521.65673828125
0;31000;AMETHYSTS;9996;2;9995;26;;;10002;2;10004;2;10005;26;9999.0;508.0
0;31100;AMETHYSTS;10002;1;9995;23;;;10005;23;;;;;10003.5;509.0
0;31100;STARFRUIT;5038;23;;;;;5039;9;5045;23;;;5038.5;521.5791015625
0;31200;STARFRUIT;5037;21;;;;;5042;8;5044;22;;;5039.5;539.078125
0;31200;AMETHYSTS;9996;1;9995;21;;;10002;6;10004;1;10005;21;9999.0;511.0
0;31300;STARFRUIT;5038;22;;;;;5044;2;5045;20;;;5041.0;540.734375
0;31300;AMETHYSTS;9996;2;9995;20;;;10004;2;10005;20;;;10000.0;523.0
0;31400;STARFRUIT;5038;22;;;;;5045;22;;;;;5041.5;543.171875
0;31400;AMETHYSTS;9995;22;;;;;10005;22;;;;;10000.0;523.0
0;31500;AMETHYSTS;9996;1;9995;21;;;10004;1;10005;21;;;10000.0;523.0
0;31500;STARFRUIT;5038;22;;;;;5045;22;;;;;5041.5;543.3828125
0;31600;STARFRUIT;5039;24;;;;;5046;24;;;;;5042.5;550.1953125
0;31600;AMETHYSTS;9995;24;;;;;9998;3;10005;24;;;9996.5;523.0
0;31700;STARFRUIT;5038;29;;;;;5045;29;;;;;5041.5;546.3515625
0;31700;AMETHYSTS;9995;29;;;;;10002;3;10005;29;;;9998.5;529.0
0;31800;STARFRUIT;5043;2;5038;24;;;5045;24;;;;;5044.0;544.265625
0;31800;AMETHYSTS;9996;2;9995;22;;;10002;2;10004;2;10005;22;9999.0;541.0
0;31900;AMETHYSTS;9996;2;9995;26;;;10004;2;10005;26;;;10000.0;541.0
0;31900;STARFRUIT;5039;6;5038;28;;;5045;28;;;;;5042.0;547.6953125
0;32000;STARFRUIT;5038;22;;;;;5045;22;;;;;5041.5;546.009765625
0;32000;AMETHYSTS;9996;2;9995;20;;;10002;10;10004;2;10005;20;9999.0;541.0
0;32100;AMETHYSTS;9998;9;9995;25;;;10005;25;;;;;10001.5;541.0
0;32100;STARFRUIT;5037;25;;;;;5044;25;;;;;5040.5;542.671875
0;32200;AMETHYSTS;9996;1;9995;24;;;10002;5;10004;1;10005;24;9999.0;543.0
0;32200;STARFRUIT;5037;25;;;;;5044;25;;;;;5040.5;546.83203125
0;32300;AMETHYSTS;10000;3;9996;2;9995;30;10004;2;10005;30;;;10002.0;543.0
0;32300;STARFRUIT;5040;3;5038;2;5037;30;5044;32;;;;;5042.0;549.01171875
0;32400;STARFRUIT;5037;29;;;;;5044;29;;;;;5040.5;546.53125
0;32400;AMETHYSTS;9998;2;9995;29;;;10005;29;;;;;10001.5;543.0
0;32500;AMETHYSTS;10002;1;9996;2;9995;24;10004;2;10005;24;;;10003.0;543.0
0;32500;STARFRUIT;5038;1;5037;26;;;5043;2;5044;24;;;5040.5;542.3359375
0;32600;AMETHYSTS;9998;1;9996;2;9995;26;10004;2;10005;26;;;10001.0;545.0
0;32600;STARFRUIT;5037;28;;;;;5044;28;;;;;5040.5;563.45263671875
0;32700;AMETHYSTS;9996;2;9995;30;;;10004;2;10005;30;;;10000.0;545.0
0;32700;STARFRUIT;5038;32;;;;;5044;2;5045;30;;;5041.0;564.13623046875
0;32800;STARFRUIT;5038;29;;;;;5045;29;;;;;5041.5;564.25830078125
0;32800;AMETHYSTS;9995;29;;;;;10005;29;;;;;10000.0;545.0
0;32900;AMETHYSTS;9996;1;9995;20;;;10002;10;10004;1;10005;20;9999.0;545.0
0;32900;STARFRUIT;5038;1;5037;20;;;5044;21;;;;;5041.0;563.80078125
0;33000;AMETHYSTS;9998;2;9995;28;;;10005;28;;;;;10001.5;545.0
0;33000;STARFRUIT;5037;28;;;;;5042;4;5044;28;;;5039.5;563.951171875
0;33100;AMETHYSTS;9996;1;9995;25;;;10004;1;10005;25;;;10000.0;545.0
0;33100;STARFRUIT;5037;26;;;;;5044;26;;;;;5040.5;563.74072265625
0;33200;STARFRUIT;5038;24;;;;;5043;5;5044;1;5045;23;5040.5;564.19482421875
0;33200;AMETHYSTS;9996;1;9995;23;;;10004;1;10005;23;;;10000.0;545.0
0;33300;AMETHYSTS;9996;1;9995;30;;;10002;1;10004;1;10005;30;9999.0;545.0
0;33300;STARFRUIT;5038;31;;;;;5045;31;;;;;5041.5;564.39306640625
0;33400;AMETHYSTS;9995;20;;;;;10005;20;;;;;10000.0;545.0
0;33400;STARFRUIT;5037;20;;;;;5042;2;5044;20;;;5039.5;563.87646484375
0;33500;AMETHYSTS;9996;2;9995;21;;;10002;4;10004;2;10005;21;9999.0;545.0
0;33500;STARFRUIT;5038;2;5037;21;;;5044;23;;;;;5041.0;563.90771484375
0;33600;STARFRUIT;5037;27;;;;;5044;27;;;;;5040.5;563.14208984375
0;33600;AMETHYSTS;9995;27;;;;;9998;2;10005;27;;;9996.5;545.0
0;33700;AMETHYSTS;9996;1;9995;25;;;10004;1;10005;25;;;10000.0;549.0
0;33700;STARFRUIT;5037;1;5036;25;;;5041;6;5043;26;;;5039.0;562.798828125
0;33800;AMETHYSTS;9995;21;;;;;10002;4;10005;21;;;9998.5;549.0
0;33800;STARFRUIT;5036;21;;;;;5043;21;;;;;5039.5;562.3154296875
0;33900;AMETHYSTS;9996;1;9995;27;;;10004;1;10005;27;;;10000.0;549.0
0;33900;STARFRUIT;5035;28;;;;;5042;28;;;;;5038.5;561.73876953125
0;34000;STARFRUIT;5041;1;5036;2;5035;28;5042;30;;;;;5041.5;561.9052734375
0;34000;AMETHYSTS;9996;2;9995;28;;;10004;2;10005;28;;;10000.0;585.0
0;34100;AMETHYSTS;9996;2;9995;25;;;10004;2;10005;25;;;10000.0;585.0
0;34100;STARFRUIT;5036;2;5035;25;;;5042;27;;;;;5039.0;564.0
0;34200;AMETHYSTS;9996;2;9995;30;;;10002;2;10004;2;10005;30;9999.0;585.0
0;34200;STARFRUIT;5036;32;;;;;5043;32;;;;;5039.5;564.0
0;34300;STARFRUIT;5036;28;;;;;5043;29;;;;;5039.5;564.0
0;34300;AMETHYSTS;9996;1;9995;28;;;10004;1;10005;28;;;10000.0;585.0
0;34400;AMETHYSTS;9996;2;9995;28;;;10004;2;10005;28;;;10000.0;585.0
0;34400;STARFRUIT;5036;30;;;;;5043;30;;;;;5039.5;564.0
0;34500;AMETHYSTS;9996;2;9995;22;;;10004;2;10005;22;;;10000.0;585.0
0;34500;STARFRUIT;5037;24;;;;;5044;24;;;;;5040.5;564.0
0;34600;AMETHYSTS;9995;24;;;;;10005;24;;;;;10000.0;585.0
0;34600;STARFRUIT;5037;24;;;;;5044;24;;;;;5040.5;564.0
0;34700;STARFRUIT;5037;7;5036;25;;;5043;25;;;;;5040.0;611.1171875
0;34700;AMETHYSTS;9996;2;9995;23;;;10004;2;10005;23;;;10000.0;585.0
0;34800;AMETHYSTS;9998;3;9996;2;9995;22;10004;2;10005;22;;;10001.0;585.0
0;34800;STARFRUIT;5036;22;;;;;5037;8;5043;24;;;5036.5;608.5703125
0;34900;AMETHYSTS;9995;24;;;;;10005;24;;;;;10000.0;585.0
0;34900;STARFRUIT;5037;24;;;;;5044;24;;;;;5040.5;627.6953125
0;35000;AMETHYSTS;9995;29;;;;;10005;29;;;;;10000.0;585.0
0;35000;STARFRUIT;5037;29;;;;;5044;29;;;;;5040.5;627.5859375
0;35100;STARFRUIT;5037;23;;;;;5044;23;;;;;5040.5;628.32421875
0;35100;AMETHYSTS;9996;2;9995;21;;;10004;2;10005;21;;;10000.0;585.0
0;35200;AMETHYSTS;9995;24;;;;;10005;24;;;;;10000.0;585.0
0;35200;STARFRUIT;5037;24;;;;;5042;3;5044;24;;;5039.5;626.9765625
0;35300;AMETHYSTS;9998;8;9996;1;9995;22;10004;1;10005;22;;;10001.0;585.0
0;35300;STARFRUIT;5038;8;5037;23;;;5044;23;;;;;5041.0;627.79296875
0;35400;AMETHYSTS;10002;1;9996;2;9995;25;10004;2;10005;25;;;10003.0;585.0
0;35400;STARFRUIT;5037;27;;;;;5044;27;;;;;5040.5;625.45703125
0;35500;STARFRUIT;5037;29;;;;;5044;29;;;;;5040.5;627.86328125
0;35500;AMETHYSTS;9996;2;9995;27;;;10004;2;10005;27;;;10000.0;589.0
0;35600;AMETHYSTS;9996;1;9995;23;;;10002;3;10004;1;10005;23;9999.0;589.0
0;35600;STARFRUIT;5038;1;5037;23;;;5044;24;;;;;5041.0;625.060546875
0;35700;AMETHYSTS;9996;2;9995;29;;;10002;9;10004;2;10005;29;9999.0;589.0
0;35700;STARFRUIT;5037;31;;;;;5044;31;;;;;5040.5;625.44921875
0;35800;AMETHYSTS;9996;2;9995;21;;;10004;2;10005;21;;;10000.0;589.0
0;35800;STARFRUIT;5037;8;5036;21;;;5043;2;5044;21;;;5040.0;662.9921875
0;35900;STARFRUIT;5036;30;;;;;5043;30;;;;;5039.5;674.265625
0;35900;AMETHYSTS;9996;2;9995;28;;;10004;2;10005;28;;;10000.0;589.0
0;36000;AMETHYSTS;9995;30;;;;;10000;2;10002;9;10005;30;9997.5;589.0
0;36000;STARFRUIT;5036;30;;;;;5039;2;5041;2;5043;30;5037.5;674.3046875
0;36100;AMETHYSTS;9998;7;9996;2;9995;21;10004;2;10005;21;;;10001.0;589.0
0;36100;STARFRUIT;5036;23;;;;;5041;6;5043;23;;;5038.5;673.484375
0;36200;AMETHYSTS;9998;5;9996;1;9995;29;10004;1;10005;29;;;10001.0;589.0
0;36200;STARFRUIT;5036;1;5035;29;;;5042;30;;;;;5039.0;682.3984375
0;36300;STARFRUIT;5035;31;;;;;5042;31;;;;;5038.5;683.6875
0;36300;AMETHYSTS;9996;1;9995;30;;;10004;1;10005;30;;;10000.0;589.0
0;36400;AMETHYSTS;9996;1;9995;28;;;10002;8;10004;1;10005;28;9999.0;589.0
0;36400;STARFRUIT;5036;2;5035;28;;;5042;29;;;;;5039.0;682.125
0;36500;AMETHYSTS;9996;2;9995;27;;;10004;2;10005;27;;;10000.0;589.0
0;36500;STARFRUIT;5035;28;;;;;5042;29;;;;;5038.5;687.375
0;36600;AMETHYSTS;9996;1;9995;30;;;10000;2;10004;1;10005;30;9998.0;589.0
0;36600;STARFRUIT;5035;31;;;;;5038;2;5042;31;;;5036.5;691.28125
0;36700;STARFRUIT;5035;22;;;;;5042;22;;;;;5038.5;689.171875
0;36700;AMETHYSTS;10002;1;9996;1;9995;21;10004;1;10005;21;;;10003.0;589.0
0;36800;AMETHYSTS;9996;2;9995;23;;;10004;2;10005;23;;;10000.0;591.0
0;36800;STARFRUIT;5035;25;;;;;5042;25;;;;;5038.5;685.81640625
0;36900;AMETHYSTS;9998;6;9995;22;;;10005;22;;;;;10001.5;591.0
0;36900;STARFRUIT;5035;22;;;;;5042;22;;;;;5038.5;686.01953125
0;37000;AMETHYSTS;9996;2;9995;20;;;10004;2;10005;20;;;10000.0;591.0
0;37000;STARFRUIT;5036;2;5035;20;;;5042;22;;;;;5039.0;684.3671875
0;37100;STARFRUIT;5039;5;5036;24;;;5043;24;;;;;5041.0;681.24609375
0;37100;AMETHYSTS;10000;5;9995;24;;;10005;24;;;;;10002.5;591.0
0;37200;AMETHYSTS;9996;2;9995;27;;;10004;2;10005;27;;;10000.0;591.0
0;37200;STARFRUIT;5037;2;5036;27;;;5043;29;;;;;5040.0;684.96875
0;37300;AMETHYSTS;9996;1;9995;22;;;10004;1;10005;22;;;10000.0;591.0
0;37300;STARFRUIT;5037;23;;;;;5042;4;5044;23;;;5039.5;672.1796875
0;37400;AMETHYSTS;9995;22;;;;;10005;22;;;;;10000.0;600.0
0;37400;STARFRUIT;5038;4;5037;22;;;5044;22;;;;;5041.0;665.65625
0;37500;STARFRUIT;5040;5;5037;31;;;5044;31;;;;;5042.0;667.7734375
0;37500;AMETHYSTS;10000;5;9996;1;9995;30;10004;1;10005;30;;;10002.0;600.0
0;37600;AMETHYSTS;9996;1;9995;24;;;10004;1;10005;24;;;10000.0;600.0
0;37600;STARFRUIT;5037;25;;;;;5042;5;5044;25;;;5039.5;673.03125
0;37700;AMETHYSTS;10002;1;9995;20;;;10005;20;;;;;10003.5;630.0
0;37700;STARFRUIT;5037;20;;;;;5044;20;;;;;5040.5;681.28125
0;37800;AMETHYSTS;9996;2;9995;23;;;10004;2;10005;23;;;10000.0;632.0
0;37800;STARFRUIT;5037;25;;;;;5043;2;5044;23;;;5040.0;679.6015625
0;37900;STARFRUIT;5038;29;;;;;5044;2;5045;27;;;5041.0;661.015625
0;37900;AMETHYSTS;9996;2;9995;27;;;10004;2;10005;27;;;10000.0;635.0
0;38000;AMETHYSTS;9998;3;9995;30;;;10005;30;;;;;10001.5;635.0
0;38000;STARFRUIT;5038;30;;;;;5045;30;;;;;5041.5;656.53125
0;38100;AMETHYSTS;9998;4;9996;1;9995;28;10004;1;10005;28;;;10001.0;635.0
0;38100;STARFRUIT;5038;29;;;;;5043;4;5045;29;;;5040.5;657.703125
0;38200;AMETHYSTS;9998;4;9996;2;9995;29;10004;2;10005;29;;;10001.0;635.0
0;38200;STARFRUIT;5039;2;5038;29;;;5045;31;;;;;5042.0;643.5859375
0;38300;STARFRUIT;5040;5;5039;22;;;5046;22;;;;;5043.0;634.125
0;38300;AMETHYSTS;9995;22;;;;;10005;22;;;;;10000.0;635.0
0;38400;AMETHYSTS;9996;2;9995;29;;;10004;2;10005;29;;;10000.0;635.0
0;38400;STARFRUIT;5039;31;;;;;5040;4;5046;31;;;5039.5;635.78125
0;38500;AMETHYSTS;9996;2;9995;22;;;10004;2;10005;22;;;10000.0;635.0
0;38500;STARFRUIT;5038;24;;;;;5045;24;;;;;5041.5;651.7890625
0;38600;STARFRUIT;5038;31;;;;;5044;2;5045;29;;;5041.0;658.71875
0;38600;AMETHYSTS;10002;1;9996;2;9995;29;10004;2;10005;29;;;10003.0;635.0
0;38700;STARFRUIT;5038;1;5037;20;;;5044;22;;;;;5041.0;666.609375
0;38700;AMETHYSTS;9996;2;9995;20;;;10004;2;10005;20;;;10000.0;635.0
0;38800;STARFRUIT;5038;27;;;;;5043;2;5044;2;5045;25;5040.5;658.7890625
0;38800;AMETHYSTS;9996;2;9995;25;;;10004;2;10005;25;;;10000.0;635.0
0;38900;AMETHYSTS;9996;2;9995;23;;;10004;2;10005;23;;;10000.0;635.0
0;38900;STARFRUIT;5038;25;;;;;5045;25;;;;;5041.5;654.3984375
0;39000;STARFRUIT;5039;1;5038;23;;;5041;3;5044;6;5045;1;5040.0;643.3125
0;39000;AMETHYSTS;9996;1;9995;23;;;10000;3;10004;1;10005;23;9998.0;635.0
0;39100;STARFRUIT;5039;8;5038;30;;;5045;30;;;;;5042.0;647.96875
0;39100;AMETHYSTS;9996;2;9995;28;;;9998;3;10004;2;10005;28;9997.0;635.0
0;39200;STARFRUIT;5039;5;5038;21;;;5041;4;5045;21;;;5040.0;644.9609375
0;39200;AMETHYSTS;9995;21;;;;;10000;4;10005;21;;;9997.5;642.0
0;39300;AMETHYSTS;9995;24;;;;;10005;24;;;;;10000.0;650.0
0;39300;STARFRUIT;5038;24;;;;;5045;24;;;;;5041.5;652.875
0;39400;STARFRUIT;5038;21;;;;;5045;21;;;;;5041.5;659.703125
0;39400;AMETHYSTS;9995;21;;;;;10005;21;;;;;10000.0;650.0
0;39500;STARFRUIT;5038;29;;;;;5043;3;5045;29;;;5040.5;655.5
0;39500;AMETHYSTS;9995;29;;;;;10005;29;;;;;10000.0;650.0
0;39600;STARFRUIT;5038;31;;;;;5045;31;;;;;5041.5;654.4140625
0;39600;AMETHYSTS;9996;1;9995;30;;;10004;1;10005;30;;;10000.0;650.0
0;39700;AMETHYSTS;9996;1;9995;29;;;10000;6;10004;1;10005;29;9998.0;650.0
0;39700;STARFRUIT;5038;29;;;;;5041;6;5045;30;;;5039.5;645.8984375
0;39800;STARFRUIT;5038;24;;;;;5044;2;5045;22;;;5041.0;660.1796875
0;39800;AMETHYSTS;9996;2;9995;22;;;9998;1;10004;2;10005;22;9997.0;650.0
0;39900;STARFRUIT;5038;29;;;;;5043;7;5045;29;;;5040.5;658.2109375
0;39900;AMETHYSTS;9998;10;9996;1;9995;28;10004;1;10005;28;;;10001.0;652.0
0;40000;STARFRUIT;5037;26;;;;;5044;26;;;;;5040.5;668.3359375
0;40000;AMETHYSTS;10002;11;9996;1;9995;25;10004;1;10005;25;;;10003.0;652.0
0;40100;AMETHYSTS;9995;30;;;;;10005;30;;;;;10000.0;674.0
0;40100;STARFRUIT;5037;30;;;;;5042;4;5044;30;;;5039.5;705.0
0;40200;STARFRUIT;5037;25;;;;;5044;25;;;;;5040.5;705.0
0;40200;AMETHYSTS;9996;1;9995;24;;;10002;7;10004;1;10005;24;9999.0;674.0
0;40300;STARFRUIT;5037;1;5036;29;;;5043;30;;;;;5040.0;723.626953125
0;40300;AMETHYSTS;10002;4;9996;1;9995;29;10004;1;10005;29;;;10003.0;674.0
0;40400;STARFRUIT;5037;25;;;;;5043;2;5044;23;;;5040.0;721.80078125
0;40400;AMETHYSTS;9996;2;9995;23;;;10004;2;10005;23;;;10000.0;682.0
0;40500;AMETHYSTS;9996;1;9995;21;;;10004;1;10005;21;;;10000.0;682.0
0;40500;STARFRUIT;5037;22;;;;;5044;22;;;;;5040.5;720.984375
0;40600;STARFRUIT;5037;28;;;;;5045;28;;;;;5041.0;742.8828125
0;40600;AMETHYSTS;10002;1;9995;28;;;10005;28;;;;;10003.5;682.0
0;40700;STARFRUIT;5044;1;5039;6;5038;30;5045;30;;;;;5044.5;733.2578125
0;40700;AMETHYSTS;9998;10;9996;1;9995;29;10004;1;10005;29;;;10001.0;684.0
0;40800;STARFRUIT;5038;21;;;;;5045;21;;;;;5041.5;733.65625
0;40800;AMETHYSTS;9995;21;;;;;10005;21;;;;;10000.0;684.0
0;40900;AMETHYSTS;9998;2;9995;25;;;10005;25;;;;;10001.5;684.0
0;40900;STARFRUIT;5040;3;5039;25;;;5046;25;;;;;5043.0;720.609375
0;41000;STARFRUIT;5039;21;;;;;5042;2;5044;7;5045;1;5040.5;721.5390625
0;41000;AMETHYSTS;9998;10;9996;1;9995;20;10000;2;10004;1;10005;20;9999.0;684.0
0;41100;AMETHYSTS;9996;2;9995;23;;;10004;2;10005;23;;;10000.0;684.0
0;41100;STARFRUIT;5038;25;;;;;5045;25;;;;;5041.5;732.296875
0;41200;AMETHYSTS;9995;20;;;;;10005;20;;;;;10000.0;684.0
0;41200;STARFRUIT;5038;20;;;;;5046;20;;;;;5042.0;726.453125
0;41300;AMETHYSTS;9995;27;;;;;10005;27;;;;;10000.0;684.0
0;41300;STARFRUIT;5039;8;5038;27;;;5045;27;;;;;5042.0;731.9296875
0;41400;STARFRUIT;5039;30;;;;;5046;30;;;;;5042.5;718.140625
0;41400;AMETHYSTS;9996;1;9995;29;;;10004;1;10005;29;;;10000.0;684.0
0;41500;AMETHYSTS;9996;2;9995;29;;;10004;2;10005;29;;;10000.0;684.0
0;41500;STARFRUIT;5039;9;5038;29;;;5045;31;;;;;5042.0;727.2109375
0;41600;AMETHYSTS;9995;26;;;;;10005;26;;;;;10000.0;684.0
0;41600;STARFRUIT;5038;26;;;;;5045;26;;;;;5041.5;730.6484375
0;41700;AMETHYSTS;9995;23;;;;;10005;23;;;;;10000.0;684.0
0;41700;STARFRUIT;5042;2;5038;23;;;5045;23;;;;;5043.5;738.4140625
0;41800;STARFRUIT;5038;21;;;;;5044;1;5045;21;;;5041.0;742.96875
0;41800;AMETHYSTS;9996;1;9995;21;;;10004;1;10005;21;;;10000.0;684.0
0;41900;AMETHYSTS;9995;28;;;;;10002;8;10005;28;;;9998.5;684.0
0;41900;STARFRUIT;5038;28;;;;;5045;28;;;;;5041.5;737.7890625
0;42000;AMETHYSTS;9996;1;9995;27;;;9998;1;10004;1;10005;27;9997.0;684.0
0;42000;STARFRUIT;5038;1;5037;27;;;5044;28;;;;;5041.0;747.171875
0;42100;AMETHYSTS;10002;2;9995;22;;;10005;22;;;;;10003.5;686.0
0;42100;STARFRUIT;5039;7;5038;22;;;5045;22;;;;;5042.0;742.1875
0;42200;STARFRUIT;5038;22;;;;;5045;22;;;;;5041.5;728.1796875
0;42200;AMETHYSTS;9995;22;;;;;10005;22;;;;;10000.0;690.0
0;42300;AMETHYSTS;9996;2;9995;20;;;10004;2;10005;20;;;10000.0;690.0
0;42300;STARFRUIT;5039;22;;;;;5045;2;5046;20;;;5042.0;723.3046875
0;42400;AMETHYSTS;9996;2;9995;26;;;10002;2;10004;2;10005;26;9999.0;690.0
0;42400;STARFRUIT;5038;28;;;;;5045;28;;;;;5041.5;735.890625
0;42500;AMETHYSTS;9995;24;;;;;10005;24;;;;;10000.0;693.0
0;42500;STARFRUIT;5038;24;;;;;5043;2;5045;24;;;5040.5;739.53125
0;42600;STARFRUIT;5043;1;5038;28;;;5045;28;;;;;5044.0;743.984375
0;42600;AMETHYSTS;9995;28;;;;;10005;28;;;;;10000.0;693.0
0;42700;AMETHYSTS;9996;1;9995;23;;;10004;1;10005;23;;;10000.0;693.0
0;42700;STARFRUIT;5038;24;;;;;5044;1;5045;23;;;5041.0;744.28125
0;42800;AMETHYSTS;9995;29;;;;;10000;2;10005;29;;;9997.5;693.0
0;42800;STARFRUIT;5038;29;;;;;5041;2;5045;29;;;5039.5;743.390625
0;42900;AMETHYSTS;10002;5;9995;20;;;10005;20;;;;;10003.5;693.0
0;42900;STARFRUIT;5038;20;;;;;5045;20;;;;;5041.5;741.90625
0;43000;STARFRUIT;5038;27;;;;;5045;27;;;;;5041.5;742.4296875
0;43000;AMETHYSTS;9996;1;9995;26;;;10002;6;10004;1;10005;26;9999.0;703.0
0;43100;AMETHYSTS;9998;9;9996;1;9995;24;10004;1;10005;24;;;10001.0;703.0
0;43100;STARFRUIT;5038;25;;;;;5045;25;;;;;5041.5;738.03125
0;43200;AMETHYSTS;9996;2;9995;29;;;10002;5;10004;2;10005;29;9999.0;703.0
0;43200;STARFRUIT;5038;31;;;;;5045;31;;;;;5041.5;740.5078125
0;43300;STARFRUIT;5043;1;5037;20;;;5044;20;;;;;5043.5;753.6875
0;43300;AMETHYSTS;9998;10;9995;20;;;10005;20;;;;;10001.5;712.0
0;43400;AMETHYSTS;9996;2;9995;22;;;10004;2;10005;22;;;10000.0;712.0
0;43400;STARFRUIT;5037;24;;;;;5043;2;5044;22;;;5040.0;761.265625
0;43500;AMETHYSTS;9996;1;9995;24;;;10002;7;10004;1;10005;24;9999.0;712.0
0;43500;STARFRUIT;5037;6;5036;25;;;5043;25;;;;;5040.0;770.765625
0;43600;AMETHYSTS;9995;22;;;;;10002;5;10005;22;;;9998.5;712.0
0;43600;STARFRUIT;5036;22;;;;;5041;1;5043;22;;;5038.5;771.78125
0;43700;STARFRUIT;5037;1;5036;29;;;5043;30;;;;;5040.0;768.703125
0;43700;AMETHYSTS;9996;1;9995;29;;;10002;6;10004;1;10005;29;9999.0;712.0
0;43800;AMETHYSTS;9996;1;9995;22;;;10004;1;10005;22;;;10000.0;712.0
0;43800;STARFRUIT;5036;23;;;;;5043;23;;;;;5039.5;770.375
0;43900;AMETHYSTS;9996;2;9995;24;;;10002;2;10004;2;10005;24;9999.0;712.0
0;43900;STARFRUIT;5037;6;5036;26;;;5043;26;;;;;5040.0;775.3671875
0;44000;AMETHYSTS;10002;4;9998;10;9996;2;10004;2;10005;25;;;10003.0;714.0
0;44000;STARFRUIT;5036;27;;;;;5043;27;;;;;5039.5;776.828125
0;44100;STARFRUIT;5036;24;;;;;5041;4;5042;2;5043;22;5038.5;779.3046875
0;44100;AMETHYSTS;9996;2;9995;22;;;10004;2;10005;22;;;10000.0;718.0
0;44200;AMETHYSTS;9995;24;;;;;10005;24;;;;;10000.0;718.0
0;44200;STARFRUIT;5036;24;;;;;5043;24;;;;;5039.5;772.4453125
0;44300;AMETHYSTS;9996;2;9995;24;;;9998;2;10004;2;10005;24;9997.0;718.0
0;44300;STARFRUIT;5036;26;;;;;5042;2;5043;24;;;5039.0;778.40625
0;44400;AMETHYSTS;9996;1;9995;25;;;10002;7;10004;1;10005;25;9999.0;722.0
0;44400;STARFRUIT;5037;1;5036;26;;;5043;26;;;;;5040.0;776.6640625
0;44500;STARFRUIT;5036;30;;;;;5043;30;;;;;5039.5;776.9375
0;44500;AMETHYSTS;9995;30;;;;;10005;30;;;;;10000.0;722.0
0;44600;AMETHYSTS;9996;1;9995;21;;;10004;1;10005;21;;;10000.0;722.0
0;44600;STARFRUIT;5037;22;;;;;5043;1;5044;21;;;5040.0;764.3125
0;44700;AMETHYSTS;9996;2;9995;25;;;10004;2;10005;25;;;10000.0;722.0
0;44700;STARFRUIT;5037;27;;;;;5042;6;5044;27;;;5039.5;758.5390625
0;44800;AMETHYSTS;9995;25;;;;;10005;25;;;;;10000.0;722.0
0;44800;STARFRUIT;5037;25;;;;;5042;3;5044;25;;;5039.5;764.1953125
0;44900;STARFRUIT;5037;2;5036;21;;;5043;23;;;;;5040.0;766.2109375
0;44900;AMETHYSTS;9996;2;9995;21;;;10004;2;10005;21;;;10000.0;722.0
0;45000;AMETHYSTS;9996;1;9995;27;;;10004;1;10005;27;;;10000.0;722.0
0;45000;STARFRUIT;5036;28;;;;;5037;1;5043;28;;;5036.5;772.1171875
0;45100;AMETHYSTS;9995;27;;;;;9998;1;10005;27;;;9996.5;722.0
0;45100;STARFRUIT;5036;27;;;;;5043;27;;;;;5039.5;770.6875
0;45200;AMETHYSTS;10002;1;9996;1;9995;20;10004;1;10005;20;;;10003.0;724.0
0;45200;STARFRUIT;5036;20;;;;;5043;1;5044;20;;;5039.5;768.3046875
0;45300;STARFRUIT;5037;22;;;;;5044;23;;;;;5040.5;761.25
0;45300;AMETHYSTS;9995;23;;;;;10005;23;;;;;10000.0;726.0
0;45400;AMETHYSTS;9998;4;9995;25;;;10005;25;;;;;10001.5;726.0
0;45400;STARFRUIT;5037;25;;;;;5044;25;;;;;5040.5;757.9453125
0;45500;AMETHYSTS;9996;1;9995;20;;;9998;3;10004;1;10005;20;9997.0;726.0
0;45500;STARFRUIT;5036;21;;;;;5037;3;5043;21;;;5036.5;779.40625
0;45600;AMETHYSTS;9996;1;9995;23;;;10004;1;10005;23;;;10000.0;732.0
0;45600;STARFRUIT;5037;1;5036;23;;;5041;6;5043;24;;;5039.0;779.953125
0;45700;STARFRUIT;5037;2;5036;21;;;5043;23;;;;;5040.0;779.2734375
0;45700;AMETHYSTS;10002;1;9996;2;9995;21;10004;2;10005;21;;;10003.0;732.0
0;45800;AMETHYSTS;10000;5;9998;7;9996;2;10004;2;10005;30;;;10002.0;734.0
0;45800;STARFRUIT;5040;5;5037;32;;;5044;32;;;;;5042.0;771.56640625
0;45900;AMETHYSTS;9998;8;9996;1;9995;25;10004;1;10005;25;;;10001.0;734.0
0;45900;STARFRUIT;5037;25;;;;;5044;26;;;;;5040.5;764.32421875
0;46000;AMETHYSTS;9995;23;;;;;9998;1;10005;23;;;9996.5;734.0
0;46000;STARFRUIT;5037;23;;;;;5044;23;;;;;5040.5;767.484375
0;46100;STARFRUIT;5039;4;5038;25;;;5045;25;;;;;5042.0;761.37890625
0;46100;AMETHYSTS;9995;25;;;;;10005;25;;;;;10000.0;740.0
0;46200;AMETHYSTS;9995;24;;;;;10005;24;;;;;10000.0;740.0
0;46200;STARFRUIT;5039;4;5038;24;;;5045;24;;;;;5042.0;760.4375
0;46300;AMETHYSTS;9996;2;9995;26;;;10004;2;10005;26;;;10000.0;740.0
0;46300;STARFRUIT;5039;2;5038;26;;;5045;28;;;;;5042.0;751.6953125
0;46400;AMETHYSTS;9995;24;;;;;10005;24;;;;;10000.0;740.0
0;46400;STARFRUIT;5044;1;5038;24;;;5045;24;;;;;5044.5;754.9453125
0;46500;STARFRUIT;5042;2;5038;30;;;5045;30;;;;;5043.5;762.2734375
0;46500;AMETHYSTS;9996;1;9995;29;;;9998;1;10004;1;10005;29;9997.0;740.0
0;46600;AMETHYSTS;9998;1;9995;28;;;10005;28;;;;;10001.5;742.0
0;46600;STARFRUIT;5044;1;5040;4;5039;28;5046;28;;;;;5045.0;751.6953125
0;46700;AMETHYSTS;9996;1;9995;29;;;10004;1;10005;29;;;10000.0;742.0
0;46700;STARFRUIT;5038;30;;;;;5045;30;;;;;5041.5;759.953125
0;46800;AMETHYSTS;9995;25;;;;;10005;25;;;;;10000.0;742.0
0;46800;STARFRUIT;5038;25;;;;;5045;25;;;;;5041.5;757.6171875
0;46900;STARFRUIT;5039;30;;;;;5040;10;5045;1;5046;29;5039.5;753.1875
0;46900;AMETHYSTS;9996;1;9995;29;;;10002;3;10004;1;10005;29;9999.0;742.0
0;47000;AMETHYSTS;9996;1;9995;22;;;10004;1;10005;22;;;10000.0;742.0
0;47000;STARFRUIT;5039;23;;;;;5045;1;5046;22;;;5042.0;774.01171875
0;47100;AMETHYSTS;9995;22;;;;;9998;1;10005;22;;;9996.5;742.0
0;47100;STARFRUIT;5039;22;;;;;5046;22;;;;;5042.5;772.703125
0;47200;AMETHYSTS;9996;2;9995;21;;;10004;2;10005;21;;;10000.0;744.0
0;47200;STARFRUIT;5044;1;5039;23;;;5046;23;;;;;5045.0;773.8046875
0;47300;STARFRUIT;5040;5;5039;21;;;5046;21;;;;;5043.0;773.3515625
0;47300;AMETHYSTS;9995;21;;;;;10005;21;;;;;10000.0;744.0
0;47400;AMETHYSTS;9998;7;9995;22;;;10005;22;;;;;10001.5;744.0
0;47400;STARFRUIT;5043;5;5038;22;;;5045;22;;;;;5044.0;778.751953125
0;47500;AMETHYSTS;9996;1;9995;21;;;9998;1;10004;1;10005;21;9997.0;744.0
0;47500;STARFRUIT;5037;22;;;;;5042;5;5044;22;;;5039.5;781.44921875
0;47600;STARFRUIT;5037;21;;;;;5044;21;;;;;5040.5;775.0
0;47600;AMETHYSTS;9998;5;9995;21;;;10005;21;;;;;10001.5;746.0
0;47700;STARFRUIT;5037;23;;;;;5042;4;5044;23;;;5039.5;775.0
0;47700;AMETHYSTS;9998;1;9995;23;;;10005;23;;;;;10001.5;746.0
0;47800;STARFRUIT;5038;20;;;;;5043;7;5045;20;;;5040.5;805.484375
0;47800;AMETHYSTS;9995;20;;;;;10005;20;;;;;10000.0;746.0
0;47900;AMETHYSTS;9995;23;;;;;10005;23;;;;;10000.0;746.0
0;47900;STARFRUIT;5037;23;;;;;5044;23;;;;;5040.5;795.671875
0;48000;STARFRUIT;5037;27;;;;;5044;27;;;;;5040.5;798.1171875
0;48000;AMETHYSTS;10002;2;9996;1;9995;26;10004;1;10005;26;;;10003.0;746.0
0;48100;STARFRUIT;5037;30;;;;;5042;1;5044;30;;;5039.5;798.875
0;48100;AMETHYSTS;9996;1;9995;29;;;10004;1;10005;29;;;10000.0;750.0
0;48200;STARFRUIT;5038;2;5037;26;;;5044;27;;;;;5041.0;804.23828125
0;48200;AMETHYSTS;9996;1;9995;26;;;10004;1;10005;26;;;10000.0;750.0
0;48300;AMETHYSTS;9998;4;9996;1;9995;20;10004;1;10005;20;;;10001.0;750.0
0;48300;STARFRUIT;5037;21;;;;;5038;4;5044;21;;;5037.5;800.11328125
0;48400;STARFRUIT;5037;32;;;;;5042;6;5044;32;;;5039.5;811.671875
0;48400;AMETHYSTS;9996;2;9995;30;;;10004;2;10005;30;;;10000.0;750.0
0;48500;STARFRUIT;5037;29;;;;;5044;29;;;;;5040.5;807.15625
0;48500;AMETHYSTS;9995;29;;;;;10005;29;;;;;10000.0;750.0
0;48600;STARFRUIT;5037;1;5036;26;;;5043;1;5044;26;;;5040.0;802.8984375
0;48600;AMETHYSTS;9996;1;9995;26;;;10004;1;10005;26;;;10000.0;750.0
0;48700;AMETHYSTS;9996;1;9995;22;;;10000;2;10004;1;10005;22;9998.0;750.0
0;48700;STARFRUIT;5036;23;;;;;5039;2;5043;23;;;5037.5;799.796875
0;48800;STARFRUIT;5036;29;;;;;5043;29;;;;;5039.5;799.9453125
0;48800;AMETHYSTS;9996;1;9995;28;;;10004;1;10005;28;;;10000.0;750.0
0;48900;STARFRUIT;5036;21;;;;;5043;22;;;;;5039.5;793.8046875
0;48900;AMETHYSTS;9995;22;;;;;10005;22;;;;;10000.0;750.0
0;49000;STARFRUIT;5035;29;;;;;5042;29;;;;;5038.5;781.5390625
0;49000;AMETHYSTS;9996;1;9995;28;;;10004;1;10005;28;;;10000.0;750.0
0;49100;AMETHYSTS;9995;30;;;;;10005;30;;;;;10000.0;756.0
0;49100;STARFRUIT;5035;30;;;;;5042;30;;;;;5038.5;779.1328125
0;49200;STARFRUIT;5034;26;;;;;5041;26;;;;;5037.5;764.828125
0;49200;AMETHYSTS;10002;3;9996;1;9995;25;10004;1;10005;25;;;10003.0;756.0
0;49300;STARFRUIT;5035;6;5034;29;;;5041;29;;;;;5038.0;770.34375
0;49300;AMETHYSTS;9998;3;9995;29;;;10005;29;;;;;10001.5;760.0
0;49400;STARFRUIT;5035;23;;;;;5042;23;;;;;5038.5;780.09375
0;49400;AMETHYSTS;9996;1;9995;22;;;10004;1;10005;22;;;10000.0;760.0
0;49500;AMETHYSTS;9996;1;9995;24;;;10004;1;10005;24;;;10000.0;760.0
0;49500;STARFRUIT;5035;25;;;;;5041;1;5042;24;;;5038.0;774.0078125
0;49600;STARFRUIT;5036;2;5035;28;;;5038;3;5042;30;;;5037.0;786.125
0;49600;AMETHYSTS;9996;2;9995;28;;;10000;3;10002;9;10004;2;9998.0;760.0
0;49700;STARFRUIT;5041;1;5036;6;5035;21;5042;21;;;;;5041.5;787.25
0;49700;AMETHYSTS;9995;21;;;;;10005;21;;;;;10000.0;760.0
0;49800;AMETHYSTS;9995;20;;;;;10002;7;10005;20;;;9998.5;760.0
0;49800;STARFRUIT;5036;20;;;;;5037;1;5043;20;;;5036.5;800.2890625
0;49900;AMETHYSTS;9996;1;9995;23;;;10004;1;10005;23;;;10000.0;761.0
0;49900;STARFRUIT;5038;5;5037;24;;;5044;24;;;;;5041.0;812.75
0;50000;STARFRUIT;5037;26;;;;;5044;26;;;;;5040.5;815.2421875
0;50000;AMETHYSTS;9996;2;9995;24;;;10002;5;10004;2;10005;24;9999.0;761.0
0;50100;AMETHYSTS;10002;4;9996;2;9995;22;10004;2;10005;22;;;10003.0;761.0
0;50100;STARFRUIT;5037;24;;;;;5043;2;5044;22;;;5040.0;809.265625
0;50200;AMETHYSTS;9996;1;9995;28;;;10004;1;10005;28;;;10000.0;765.0
0;50200;STARFRUIT;5036;29;;;;;5043;29;;;;;5039.5;800.1328125
0;50300;AMETHYSTS;9995;23;;;;;10005;23;;;;;10000.0;765.0
0;50300;STARFRUIT;5036;23;;;;;5041;4;5043;23;;;5038.5;804.765625
0;50400;STARFRUIT;5037;2;5036;23;;;5038;3;5043;23;;;5037.5;802.0703125
0;50400;AMETHYSTS;9996;2;9995;21;;;10004;2;10005;21;;;10000.0;765.0
0;50500;AMETHYSTS;10000;4;9998;7;9996;1;10004;1;10005;27;;;10002.0;765.0
0;50500;STARFRUIT;5039;4;5036;28;;;5043;28;;;;;5041.0;799.046875
0;50600;AMETHYSTS;9998;7;9996;2;9995;22;10000;5;10004;2;10005;22;9999.0;765.0
0;50600;STARFRUIT;5036;24;;;;;5039;4;5043;24;;;5037.5;795.8984375
0;50700;AMETHYSTS;9998;9;9995;20;;;10005;20;;;;;10001.5;765.0
0;50700;STARFRUIT;5036;20;;;;;5043;20;;;;;5039.5;795.22265625
0;50800;STARFRUIT;5037;2;5036;26;;;5043;28;;;;;5040.0;799.76171875
0;50800;AMETHYSTS;9998;7;9996;2;9995;26;10004;2;10005;26;;;10001.0;765.0
0;50900;AMETHYSTS;9998;2;9995;30;;;10000;5;10005;30;;;9999.0;765.0
0;50900;STARFRUIT;5036;30;;;;;5037;1;5039;5;5043;30;5036.5;800.82421875
0;51000;AMETHYSTS;9996;2;9995;23;;;10004;2;10005;23;;;10000.0;765.0
0;51000;STARFRUIT;5037;25;;;;;5043;2;5044;23;;;5040.0;802.4609375
0;51100;AMETHYSTS;9995;29;;;;;10002;1;10005;29;;;9998.5;765.0
0;51100;STARFRUIT;5038;3;5037;29;;;5044;29;;;;;5041.0;809.9765625
0;51200;STARFRUIT;5037;30;;;;;5044;30;;;;;5040.5;809.58984375
0;51200;AMETHYSTS;9995;30;;;;;10005;30;;;;;10000.0;765.0
0;51300;AMETHYSTS;9996;2;9995;23;;;9998;5;10002;5;10004;2;9997.0;765.0
0;51300;STARFRUIT;5038;2;5037;23;;;5044;25;;;;;5041.0;810.98046875
0;51400;AMETHYSTS;9996;1;9995;22;;;10004;1;10005;22;;;10000.0;775.0
0;51400;STARFRUIT;5037;23;;;;;5042;5;5044;23;;;5039.5;806.84375
0;51500;AMETHYSTS;9995;21;;;;;10005;21;;;;;10000.0;775.0
0;51500;STARFRUIT;5037;21;;;;;5044;21;;;;;5040.5;812.70068359375
0;51600;STARFRUIT;5042;3;5038;2;5037;21;5044;23;;;;;5043.0;821.646484375
0;51600;AMETHYSTS;9996;2;9995;21;;;10002;5;10004;2;10005;21;9999.0;783.0
0;51700;AMETHYSTS;9996;2;9995;30;;;10004;2;10005;30;;;10000.0;783.0
0;51700;STARFRUIT;5038;2;5037;30;;;5044;32;;;;;5041.0;825.27734375
0;51800;AMETHYSTS;9995;25;;;;;10005;25;;;;;10000.0;783.0
0;51800;STARFRUIT;5037;25;;;;;5044;25;;;;;5040.5;826.44921875
0;51900;AMETHYSTS;9996;2;9995;26;;;10004;2;10005;26;;;10000.0;783.0
0;51900;STARFRUIT;5037;28;;;;;5044;28;;;;;5040.5;828.400390625
0;52000;AMETHYSTS;9998;2;9995;21;;;10000;5;10005;21;;;9999.0;783.0
0;52000;STARFRUIT;5038;5;5037;21;;;5040;5;5044;21;;;5039.0;826.72265625
0;52100;AMETHYSTS;9996;1;9995;27;;;10004;1;10005;27;;;10000.0;783.0
0;52100;STARFRUIT;5038;1;5037;27;;;5044;28;;;;;5041.0;825.09765625
0;52200;AMETHYSTS;9995;23;;;;;10005;23;;;;;10000.0;783.0
0;52200;STARFRUIT;5037;22;;;;;5044;23;;;;;5040.5;827.08203125
0;52300;STARFRUIT;5037;30;;;;;5044;30;;;;;5040.5;825.529296875
0;52300;AMETHYSTS;9995;30;;;;;10005;30;;;;;10000.0;783.0
0;52400;AMETHYSTS;10002;3;9996;1;9995;20;10004;1;10005;20;;;10003.0;783.0
0;52400;STARFRUIT;5038;1;5037;21;;;5040;4;5044;21;;;5039.0;825.71484375
0;52500;AMETHYSTS;9996;2;9995;25;;;10004;2;10005;25;;;10000.0;789.0
0;52500;STARFRUIT;5037;27;;;;;5043;2;5044;25;;;5040.0;829.6962890625
0;52600;AMETHYSTS;9996;1;9995;30;;;10004;1;10005;30;;;10000.0;789.0
0;52600;STARFRUIT;5037;31;;;;;5043;1;5044;30;;;5040.0;829.9306640625
0;52700;STARFRUIT;5042;1;5037;25;;;5043;1;5044;24;;;5042.5;829.826171875
0;52700;AMETHYSTS;9996;1;9995;24;;;10002;9;10004;1;10005;24;9999.0;825.0
0;52800;AMETHYSTS;9996;2;9995;26;;;10004;2;10005;26;;;10000.0;825.0
0;52800;STARFRUIT;5042;1;5037;28;;;5044;28;;;;;5043.0;829.5322265625
0;52900;AMETHYSTS;9996;1;9995;26;;;10002;3;10004;1;10005;26;9999.0;825.0
0;52900;STARFRUIT;5036;27;;;;;5043;27;;;;;5039.5;831.0419921875
0;53000;AMETHYSTS;9996;1;9995;29;;;10004;1;10005;29;;;10000.0;825.0
0;53000;STARFRUIT;5036;1;5035;29;;;5042;30;;;;;5039.0;832.345703125
0;53100;STARFRUIT;5036;2;5035;21;;;5042;2;5043;21;;;5039.0;832.0048828125
0;53100;AMETHYSTS;9996;2;9995;21;;;9998;5;10004;2;10005;21;9997.0;825.0
0;53200;AMETHYSTS;9995;23;;;;;10005;23;;;;;10000.0;835.0
0;53200;STARFRUIT;5041;1;5036;23;;;5043;23;;;;;5042.0;831.15625
0;53300;AMETHYSTS;9995;20;;;;;10005;20;;;;;10000.0;835.0
0;53300;STARFRUIT;5036;20;;;;;5043;20;;;;;5039.5;831.7822265625
0;53400;AMETHYSTS;9996;2;9995;30;;;9998;1;10004;2;10005;30;9997.0;835.0
0;53400;STARFRUIT;5038;7;5037;32;;;5044;32;;;;;5041.0;855.92578125
0;53500;STARFRUIT;5037;25;;;;;5042;2;5044;25;;;5039.5;857.076171875
0;53500;AMETHYSTS;9995;25;;;;;10002;7;10005;25;;;9998.5;837.0
0;53600;AMETHYSTS;9998;2;9996;1;9995;22;10004;1;10005;22;;;10001.0;837.0
0;53600;STARFRUIT;5037;23;;;;;5044;23;;;;;5040.5;857.931640625
0;53700;AMETHYSTS;9995;23;;;;;10005;23;;;;;10000.0;837.0
0;53700;STARFRUIT;5038;1;5037;23;;;5044;23;;;;;5041.0;857.345703125
0;53800;AMETHYSTS;9998;8;9995;29;;;10005;29;;;;;10001.5;837.0
0;53800;STARFRUIT;5037;29;;;;;5044;29;;;;;5040.5;855.4375
0;53900;STARFRUIT;5038;1;5037;25;;;5040;4;5044;26;;;5039.0;858.94921875
0;53900;AMETHYSTS;9996;1;9995;25;;;10000;4;10002;8;10004;1;9998.0;837.0
0;54000;AMETHYSTS;9996;1;9995;21;;;10002;1;10004;1;10005;21;9999.0;837.0
0;54000;STARFRUIT;5038;7;5037;22;;;5044;22;;;;;5041.0;857.005859375
0;54100;AMETHYSTS;9996;1;9995;21;;;10004;1;10005;21;;;10000.0;837.0
0;54100;STARFRUIT;5038;4;5037;22;;;5043;1;5044;21;;;5040.5;854.51171875
0;54200;AMETHYSTS;9996;1;9995;20;;;10004;1;10005;20;;;10000.0;843.0
0;54200;STARFRUIT;5037;20;;;;;5043;1;5044;20;;;5040.0;857.3125
0;54300;STARFRUIT;5037;28;;;;;5043;2;5044;26;;;5040.0;857.333984375
0;54300;AMETHYSTS;10002;1;9996;2;9995;26;10004;2;10005;26;;;10003.0;843.0
0;54400;AMETHYSTS;9995;22;;;;;10005;22;;;;;10000.0;847.0
0;54400;STARFRUIT;5037;22;;;;;5044;22;;;;;5040.5;867.2421875
0;54500;AMETHYSTS;9996;2;9995;27;;;10002;2;10004;2;10005;27;9999.0;847.0
0;54500;STARFRUIT;5038;29;;;;;5045;29;;;;;5041.5;869.671875
0;54600;AMETHYSTS;10002;2;9996;1;9995;29;10004;1;10005;29;;;10003.0;847.0
0;54600;STARFRUIT;5038;30;;;;;5045;30;;;;;5041.5;871.16796875
0;54700;STARFRUIT;5038;1;5037;22;;;5044;1;5045;22;;;5041.0;867.953125
0;54700;AMETHYSTS;9996;1;9995;22;;;10004;1;10005;22;;;10000.0;851.0
0;54800;AMETHYSTS;9996;2;9995;23;;;10004;2;10005;23;;;10000.0;872.0
0;54800;STARFRUIT;5039;9;5038;23;;;5045;25;;;;;5042.0;875.87890625
0;54900;AMETHYSTS;9996;2;9995;22;;;10004;2;10005;22;;;10000.0;872.0
0;54900;STARFRUIT;5038;24;;;;;5043;1;5045;24;;;5040.5;875.083984375
0;55000;AMETHYSTS;9996;2;9995;20;;;10004;2;10005;20;;;10000.0;872.0
0;55000;STARFRUIT;5039;2;5038;20;;;5043;7;5045;22;;;5041.0;876.1015625
0;55100;STARFRUIT;5039;26;;;;;5045;2;5046;24;;;5042.0;877.3828125
0;55100;AMETHYSTS;9996;2;9995;24;;;10004;2;10005;24;;;10000.0;872.0
0;55200;AMETHYSTS;9998;8;9996;1;9995;25;10004;1;10005;25;;;10001.0;872.0
0;55200;STARFRUIT;5038;25;;;;;5045;26;;;;;5041.5;876.3046875
0;55300;AMETHYSTS;9995;22;;;;;10002;5;10005;22;;;9998.5;872.0
0;55300;STARFRUIT;5039;22;;;;;5044;3;5046;22;;;5041.5;877.607421875
0;55400;AMETHYSTS;9998;7;9996;1;9995;27;10004;1;10005;27;;;10001.0;879.0
0;55400;STARFRUIT;5039;6;5038;27;;;5045;28;;;;;5042.0;876.7109375
0;55500;STARFRUIT;5039;2;5038;22;;;5043;2;5045;24;;;5041.0;876.16015625
0;55500;AMETHYSTS;9996;2;9995;22;;;10004;2;10005;22;;;10000.0;885.0
0;55600;AMETHYSTS;9995;23;;;;;10002;9;10005;23;;;9998.5;885.0
0;55600;STARFRUIT;5038;23;;;;;5045;23;;;;;5041.5;876.169921875
0;55700;AMETHYSTS;9996;1;9995;21;;;10002;7;10004;1;10005;21;9999.0;885.0
0;55700;STARFRUIT;5038;22;;;;;5045;22;;;;;5041.5;875.03125
0;55800;AMETHYSTS;9996;1;9995;25;;;10004;1;10005;25;;;10000.0;885.0
0;55800;STARFRUIT;5039;8;5038;26;;;5045;26;;;;;5042.0;875.52734375
0;55900;STARFRUIT;5041;4;5038;20;;;5045;20;;;;;5043.0;874.6953125
0;55900;AMETHYSTS;9995;20;;;;;10005;20;;;;;10000.0;885.0
0;56000;AMETHYSTS;10000;2;9996;1;9995;24;10002;6;10004;1;10005;24;10001.0;885.0
0;56000;STARFRUIT;5041;2;5038;25;;;5043;7;5045;25;;;5042.0;874.666015625
0;56100;AMETHYSTS;9996;1;9995;27;;;9998;1;10002;3;10004;1;9997.0;885.0
0;56100;STARFRUIT;5038;28;;;;;5044;1;5045;27;;;5041.0;872.31640625
0;56200;AMETHYSTS;9996;1;9995;30;;;10000;4;10004;1;10005;30;9998.0;887.0
0;56200;STARFRUIT;5038;31;;;;;5041;4;5044;1;5045;30;5039.5;872.791015625
0;56300;STARFRUIT;5038;28;;;;;5045;28;;;;;5041.5;872.994140625
0;56300;AMETHYSTS;9995;28;;;;;10005;28;;;;;10000.0;887.0
0;56400;STARFRUIT;5038;29;;;;;5045;29;;;;;5041.5;873.150390625
0;56400;AMETHYSTS;9996;2;9995;27;;;10004;2;10005;27;;;10000.0;887.0
0;56500;AMETHYSTS;9995;21;;;;;10002;9;10005;21;;;9998.5;887.0
0;56500;STARFRUIT;5038;21;;;;;5045;21;;;;;5041.5;874.048828125
0;56600;STARFRUIT;5038;2;5037;28;;;5043;3;5044;2;5045;28;5040.5;871.951171875
0;56600;AMETHYSTS;9996;2;9995;28;;;10002;2;10004;2;10005;28;9999.0;893.0
0;56700;STARFRUIT;5038;2;5037;27;;;5039;4;5044;27;;;5038.5;871.470703125
0;56700;AMETHYSTS;9998;5;9995;27;;;10005;27;;;;;10001.5;893.0
0;56800;STARFRUIT;5038;8;5037;23;;;5044;23;;;;;5041.0;876.7421875
0;56800;AMETHYSTS;9995;23;;;;;10005;23;;;;;10000.0;893.0
0;56900;AMETHYSTS;9996;1;9995;20;;;10004;1;10005;20;;;10000.0;893.0
0;56900;STARFRUIT;5037;21;;;;;5044;21;;;;;5040.5;874.57421875
0;57000;STARFRUIT;5037;22;;;;;5044;22;;;;;5040.5;877.47265625
0;57000;AMETHYSTS;9996;2;9995;20;;;10002;10;10004;2;10005;20;9999.0;893.0
0;57100;STARFRUIT;5043;1;5037;24;;;5045;24;;;;;5044.0;880.14453125
0;57100;AMETHYSTS;9998;6;9995;24;;;10005;24;;;;;10001.5;893.0
0;57200;STARFRUIT;5038;1;5037;25;;;5044;26;;;;;5041.0;880.47265625
0;57200;AMETHYSTS;9998;5;9996;1;9995;25;10004;1;10005;25;;;10001.0;893.0
0;57300;AMETHYSTS;9996;1;9995;30;;;10004;1;10005;30;;;10000.0;893.0
0;57300;STARFRUIT;5038;31;;;;;5043;1;5044;1;5045;30;5040.5;883.47265625
0;57400;STARFRUIT;5038;28;;;;;5044;1;5045;27;;;5041.0;883.6875
0;57400;AMETHYSTS;9996;1;9995;27;;;10004;1;10005;27;;;10000.0;893.0
0;57500;STARFRUIT;5038;2;5037;21;;;5044;21;;;;;5041.0;881.6171875
0;57500;AMETHYSTS;9995;21;;;;;10005;21;;;;;10000.0;893.0
0;57600;STARFRUIT;5040;5;5038;2;5037;20;5044;22;;;;;5042.0;881.16015625
0;57600;AMETHYSTS;10000;4;9996;2;9995;20;10004;2;10005;20;;;10002.0;893.0
0;57700;AMETHYSTS;9998;2;9996;1;9995;21;10004;1;10005;21;;;10001.0;893.0
0;57700;STARFRUIT;5037;22;;;;;5044;22;;;;;5040.5;877.015625
0;57800;STARFRUIT;5038;7;5037;28;;;5044;28;;;;;5041.0;878.859375
0;57800;AMETHYSTS;9996;2;9995;26;;;10002;4;10004;2;10005;26;9999.0;893.0
0;57900;STARFRUIT;5037;2;5036;26;;;5038;5;5043;28;;;5037.5;873.59375
0;57900;AMETHYSTS;9996;2;9995;26;;;10004;2;10005;26;;;10000.0;893.0
0;58000;STARFRUIT;5037;28;;;;;5044;28;;;;;5040.5;887.06640625
0;58000;AMETHYSTS;9995;28;;;;;10005;28;;;;;10000.0;893.0
0;58100;AMETHYSTS;9998;7;9995;20;;;10005;20;;;;;10001.5;893.0
0;58100;STARFRUIT;5037;20;;;;;5044;20;;;;;5040.5;925.57568359375
0;58200;STARFRUIT;5037;29;;;;;5043;2;5044;27;;;5040.0;925.85498046875
0;58200;AMETHYSTS;9996;2;9995;27;;;10004;2;10005;27;;;10000.0;913.0
0;58300;STARFRUIT;5037;2;5036;28;;;5043;30;;;;;5040.0;926.1083984375
0;58300;AMETHYSTS;9996;2;9995;28;;;10004;2;10005;28;;;10000.0;913.0
0;58400;STARFRUIT;5037;25;;;;;5044;25;;;;;5040.5;925.83154296875
0;58400;AMETHYSTS;9995;25;;;;;10005;25;;;;;10000.0;913.0
0;58500;AMETHYSTS;9998;3;9996;2;9995;20;10004;2;10005;20;;;10001.0;913.0
0;58500;STARFRUIT;5038;2;5037;20;;;5042;2;5044;22;;;5040.0;925.2041015625
0;58600;STARFRUIT;5038;23;;;;;5045;23;;;;;5041.5;924.6474609375
0;58600;AMETHYSTS;9996;1;9995;22;;;10004;1;10005;22;;;10000.0;913.0
0;58700;AMETHYSTS;9996;1;9995;29;;;9998;1;10000;4;10004;1;9997.0;916.0
0;58700;STARFRUIT;5038;30;;;;;5041;4;5044;1;5045;29;5039.5;924.810546875
0;58800;AMETHYSTS;9996;1;9995;30;;;10004;1;10005;30;;;10000.0;918.0
0;58800;STARFRUIT;5038;1;5037;30;;;5042;5;5044;31;;;5040.0;925.13525390625
0;58900;AMETHYSTS;9996;2;9995;23;;;10004;2;10005;23;;;10000.0;924.0
0;58900;STARFRUIT;5043;1;5037;25;;;5044;25;;;;;5043.5;925.3388671875
0;59000;STARFRUIT;5038;1;5037;23;;;5044;1;5045;23;;;5041.0;931.095703125
0;59000;AMETHYSTS;9996;1;9995;23;;;10004;1;10005;23;;;10000.0;930.0
0;59100;AMETHYSTS;9998;7;9996;1;9995;20;10004;1;10005;20;;;10001.0;930.0
0;59100;STARFRUIT;5038;1;5037;20;;;5044;21;;;;;5041.0;931.40625
0;59200;AMETHYSTS;10002;1;9996;2;9995;23;10004;2;10005;23;;;10003.0;930.0
0;59200;STARFRUIT;5042;10;5038;10;5037;23;5044;25;;;;;5043.0;931.83203125
0;59300;AMETHYSTS;9998;5;9995;22;;;10005;22;;;;;10001.5;932.0
0;59300;STARFRUIT;5036;22;;;;;5044;22;;;;;5040.0;934.998046875
0;59400;STARFRUIT;5036;23;;;;;5043;23;;;;;5039.5;936.029296875
0;59400;AMETHYSTS;10002;1;9995;23;;;10005;23;;;;;10003.5;932.0
0;59500;AMETHYSTS;9996;2;9995;22;;;10004;2;10005;22;;;10000.0;946.0
0;59500;STARFRUIT;5037;2;5036;22;;;5043;2;5044;22;;;5040.0;935.0078125
0;59600;AMETHYSTS;10002;1;9996;1;9995;24;10004;1;10005;24;;;10003.0;946.0
0;59600;STARFRUIT;5037;25;;;;;5044;25;;;;;5040.5;933.494140625
0;59700;AMETHYSTS;9996;1;9995;25;;;10004;1;10005;25;;;10000.0;948.0
0;59700;STARFRUIT;5044;1;5038;26;;;5045;26;;;;;5044.5;928.794921875
0;59800;STARFRUIT;5038;24;;;;;5045;24;;;;;5041.5;946.62060546875
0;59800;AMETHYSTS;9998;9;9996;2;9995;22;10004;2;10005;22;;;10001.0;948.0
0;59900;AMETHYSTS;9996;2;9995;23;;;10004;2;10005;23;;;10000.0;948.0
0;59900;STARFRUIT;5038;2;5037;23;;;5042;4;5044;25;;;5040.0;945.84033203125
0;60000;AMETHYSTS;9996;1;9995;25;;;9998;3;10002;10;10004;1;9997.0;954.0
0;60000;STARFRUIT;5038;5;5037;26;;;5044;26;;;;;5041.0;949.23046875
0;60100;AMETHYSTS;9996;1;9995;27;;;10004;1;10005;27;;;10000.0;960.0
0;60100;STARFRUIT;5037;28;;;;;5044;28;;;;;5040.5;948.658203125
0;60200;STARFRUIT;5037;26;;;;;5044;26;;;;;5040.5;948.501953125
0;60200;AMETHYSTS;9996;1;9995;25;;;10004;1;10005;25;;;10000.0;960.0
0;60300;AMETHYSTS;9998;3;9996;1;9995;23;10004;1;10005;23;;;10001.0;960.0
0;60300;STARFRUIT;5037;24;;;;;5044;24;;;;;5040.5;948.3505859375
0;60400;AMETHYSTS;9996;2;9995;22;;;9998;1;10004;2;10005;22;9997.0;960.0
0;60400;STARFRUIT;5037;24;;;;;5043;2;5044;22;;;5040.0;947.349609375
0;60500;AMETHYSTS;9995;25;;;;;10000;2;10005;25;;;9997.5;983.0
0;60500;STARFRUIT;5037;25;;;;;5040;2;5044;25;;;5038.5;947.26953125
0;60600;STARFRUIT;5037;21;;;;;5043;1;5044;21;;;5040.0;947.65234375
0;60600;AMETHYSTS;9996;1;9995;21;;;10004;1;10005;21;;;10000.0;983.0
0;60700;AMETHYSTS;9998;10;9995;24;;;10005;24;;;;;10001.5;1016.0
0;60700;STARFRUIT;5042;9;5037;24;;;5044;24;;;;;5043.0;948.630859375
0;60800;AMETHYSTS;9996;2;9995;26;;;10004;2;10005;26;;;10000.0;1016.0
0;60800;STARFRUIT;5043;1;5037;28;;;5044;28;;;;;5043.5;960.65234375
0;60900;STARFRUIT;5043;1;5037;29;;;5044;29;;;;;5043.5;962.515625
0;60900;AMETHYSTS;9998;10;9995;29;;;10005;29;;;;;10001.5;1016.0
0;61000;AMETHYSTS;9996;1;9995;25;;;9998;1;10004;1;10005;25;9997.0;1016.0
0;61000;STARFRUIT;5037;26;;;;;5044;26;;;;;5040.5;965.21484375
0;61100;AMETHYSTS;9996;2;9995;29;;;10004;2;10005;29;;;10000.0;1018.0
0;61100;STARFRUIT;5037;31;;;;;5044;31;;;;;5040.5;968.91796875
0;61200;AMETHYSTS;9998;1;9995;22;;;10005;22;;;;;10001.5;1018.0
0;61200;STARFRUIT;5038;5;5037;22;;;5039;3;5044;22;;;5038.5;965.125
0;61300;STARFRUIT;5036;27;;;;;5043;27;;;;;5039.5;975.00390625
0;61300;AMETHYSTS;9995;27;;;;;10005;27;;;;;10000.0;1018.0
0;61400;AMETHYSTS;9995;28;;;;;10005;28;;;;;10000.0;1018.0
0;61400;STARFRUIT;5037;28;;;;;5044;28;;;;;5040.5;972.66796875
0;61500;AMETHYSTS;9998;4;9995;22;;;10005;22;;;;;10001.5;1018.0
0;61500;STARFRUIT;5042;1;5037;22;;;5044;22;;;;;5043.0;973.357421875
0;61600;AMETHYSTS;9996;1;9995;27;;;10004;1;10005;27;;;10000.0;1018.0
0;61600;STARFRUIT;5037;28;;;;;5044;28;;;;;5040.5;971.072265625
0;61700;STARFRUIT;5037;23;;;;;5044;23;;;;;5040.5;970.46484375
0;61700;AMETHYSTS;9996;2;9995;21;;;10004;2;10005;21;;;10000.0;1018.0
0;61800;AMETHYSTS;9996;2;9995;24;;;10004;2;10005;24;;;10000.0;1018.0
0;61800;STARFRUIT;5037;26;;;;;5038;1;5044;26;;;5037.5;971.07421875
0;61900;AMETHYSTS;9995;28;;;;;10002;8;10005;28;;;9998.5;1018.0
0;61900;STARFRUIT;5037;28;;;;;5044;28;;;;;5040.5;972.421875
0;62000;AMETHYSTS;9995;24;;;;;10005;24;;;;;10000.0;1018.0
0;62000;STARFRUIT;5037;24;;;;;5044;24;;;;;5040.5;996.697265625
0;62100;STARFRUIT;5037;27;;;;;5043;2;5044;25;;;5040.0;994.7734375
0;62100;AMETHYSTS;9996;2;9995;25;;;10002;3;10004;2;10005;25;9999.0;1018.0
0;62200;AMETHYSTS;9998;9;9996;2;9995;22;10004;2;10005;22;;;10001.0;1018.0
0;62200;STARFRUIT;5037;24;;;;;5042;1;5044;24;;;5039.5;997.115234375
0;62300;AMETHYSTS;9995;21;;;;;10005;21;;;;;10000.0;1018.0
0;62300;STARFRUIT;5037;21;;;;;5044;21;;;;;5040.5;997.927734375
0;62400;AMETHYSTS;9995;24;;;;;10005;24;;;;;10000.0;1018.0
0;62400;STARFRUIT;5037;24;;;;;5044;24;;;;;5040.5;998.0625
0;62500;STARFRUIT;5038;2;5037;25;;;5044;27;;;;;5041.0;998.169921875
0;62500;AMETHYSTS;9996;2;9995;25;;;10004;2;10005;25;;;10000.0;1018.0
0;62600;AMETHYSTS;9998;6;9996;1;9995;21;10004;1;10005;21;;;10001.0;1018.0
0;62600;STARFRUIT;5038;1;5037;21;;;5044;22;;;;;5041.0;998.3125
0;62700;AMETHYSTS;9998;3;9995;25;;;10005;25;;;;;10001.5;1018.0
0;62700;STARFRUIT;5037;25;;;;;5044;25;;;;;5040.5;995.64453125
0;62800;AMETHYSTS;9995;22;;;;;10005;22;;;;;10000.0;1018.0
0;62800;STARFRUIT;5037;22;;;;;5044;22;;;;;5040.5;1033.37890625
0;62900;STARFRUIT;5037;22;;;;;5043;2;5044;20;;;5040.0;1037.515625
0;62900;AMETHYSTS;10002;11;9998;3;9996;2;10004;2;10005;20;;;10003.0;1034.0
0;63000;AMETHYSTS;9995;30;;;;;10005;30;;;;;10000.0;1056.0
0;63000;STARFRUIT;5037;30;;;;;5044;30;;;;;5040.5;1032.23828125
0;63100;AMETHYSTS;9995;30;;;;;9998;1;10005;30;;;9996.5;1056.0
0;63100;STARFRUIT;5037;30;;;;;5044;30;;;;;5040.5;1030.7421875
0;63200;AMETHYSTS;9996;1;9995;24;;;10004;1;10005;24;;;10000.0;1058.0
0;63200;STARFRUIT;5038;25;;;;;5044;1;5045;24;;;5041.0;1027.8984375
0;63300;STARFRUIT;5043;1;5038;30;;;5045;30;;;;;5044.0;1026.05078125
0;63300;AMETHYSTS;10002;4;9995;30;;;10005;30;;;;;10003.5;1058.0
0;63400;AMETHYSTS;9996;2;9995;22;;;10004;2;10005;22;;;10000.0;1066.0
0;63400;STARFRUIT;5038;24;;;;;5044;2;5045;22;;;5041.0;1030.57421875
0;63500;AMETHYSTS;9995;28;;;;;10005;28;;;;;10000.0;1066.0
0;63500;STARFRUIT;5038;3;5037;28;;;5044;28;;;;;5041.0;1034.23828125
0;63600;AMETHYSTS;9995;22;;;;;10005;22;;;;;10000.0;1066.0
0;63600;STARFRUIT;5042;1;5037;22;;;5044;22;;;;;5043.0;1037.26953125
0;63700;STARFRUIT;5037;21;;;;;5040;5;5042;7;5044;21;5038.5;1039.16015625
0;63700;AMETHYSTS;9995;21;;;;;10000;5;10002;7;10005;21;9997.5;1066.0
0;63800;AMETHYSTS;9996;1;9995;27;;;9998;1;10004;1;10005;27;9997.0;1066.0
0;63800;STARFRUIT;5036;1;5035;27;;;5042;28;;;;;5039.0;1048.216796875
0;63900;AMETHYSTS;9995;22;;;;;10000;2;10005;22;;;9997.5;1068.0
0;63900;STARFRUIT;5035;22;;;;;5039;2;5043;22;;;5037.0;1047.865234375
0;64000;AMETHYSTS;9995;30;;;;;9998;11;10002;10;10005;30;9996.5;1068.0
0;64000;STARFRUIT;5036;2;5035;30;;;5042;30;;;;;5039.0;1049.423828125
0;64100;STARFRUIT;5036;28;;;;;5041;4;5042;2;5043;26;5038.5;1047.50390625
0;64100;AMETHYSTS;9996;2;9995;26;;;10002;4;10004;2;10005;26;9999.0;1090.0
0;64200;AMETHYSTS;9996;2;9995;25;;;10004;2;10005;25;;;10000.0;1090.0
0;64200;STARFRUIT;5036;27;;;;;5043;27;;;;;5039.5;1046.583984375
0;64300;AMETHYSTS;9998;4;9996;2;9995;20;10004;2;10005;20;;;10001.0;1090.0
0;64300;STARFRUIT;5036;2;5035;22;;;5042;22;;;;;5039.0;1049.001953125
0;64400;AMETHYSTS;9996;2;9995;27;;;10004;2;10005;27;;;10000.0;1090.0
0;64400;STARFRUIT;5036;4;5035;29;;;5042;29;;;;;5039.0;1049.4765625
0;64500;STARFRUIT;5036;7;5035;22;;;5042;22;;;;;5039.0;1049.689453125
0;64500;AMETHYSTS;9996;2;9995;20;;;10004;2;10005;20;;;10000.0;1090.0
0;64600;AMETHYSTS;9996;2;9995;27;;;10004;2;10005;27;;;10000.0;1090.0
0;64600;STARFRUIT;5036;2;5035;27;;;5042;29;;;;;5039.0;1048.162109375
0;64700;AMETHYSTS;10002;1;9996;1;9995;28;10004;1;10005;28;;;10003.0;1096.0
0;64700;STARFRUIT;5036;1;5035;28;;;5042;1;5043;28;;;5039.0;1047.998046875
0;64800;AMETHYSTS;9996;1;9995;20;;;10004;1;10005;20;;;10000.0;1098.0
0;64800;STARFRUIT;5036;20;;;;;5042;1;5043;20;;;5039.0;1047.251953125
0;64900;STARFRUIT;5036;2;5035;30;;;5042;32;;;;;5039.0;1048.556640625
0;64900;AMETHYSTS;9996;2;9995;30;;;9998;4;10002;10;10004;2;9997.0;1098.0
0;65000;AMETHYSTS;9996;1;9995;26;;;10002;5;10004;1;10005;26;9999.0;1100.0
0;65000;STARFRUIT;5041;1;5036;27;;;5042;1;5043;26;;;5041.5;1047.732421875
0;65100;AMETHYSTS;9998;10;9996;1;9995;25;10004;1;10005;25;;;10001.0;1100.0
0;65100;STARFRUIT;5036;1;5035;25;;;5042;26;;;;;5039.0;1050.509765625
0;65200;AMETHYSTS;9996;1;9995;28;;;10002;6;10004;1;10005;28;9999.0;1100.0
0;65200;STARFRUIT;5037;2;5036;29;;;5042;1;5043;28;;;5039.5;1048.888671875
0;65300;STARFRUIT;5036;29;;;;;5041;1;5043;29;;;5038.5;1049.140625
0;65300;AMETHYSTS;9995;29;;;;;10002;9;10005;29;;;9998.5;1100.0
0;65400;STARFRUIT;5035;21;;;;;5037;2;5042;21;;;5036.0;1051.44921875
0;65400;AMETHYSTS;9998;10;9995;21;;;10005;21;;;;;10001.5;1100.0
0;65500;AMETHYSTS;9995;20;;;;;10005;20;;;;;10000.0;1100.0
0;65500;STARFRUIT;5035;20;;;;;5042;20;;;;;5038.5;1055.27734375
0;65600;STARFRUIT;5036;6;5035;20;;;5042;20;;;;;5039.0;1055.099609375
0;65600;AMETHYSTS;9998;3;9995;20;;;10005;20;;;;;10001.5;1100.0
0;65700;STARFRUIT;5035;24;;;;;5036;1;5043;24;;;5035.5;1053.9501953125
0;65700;AMETHYSTS;9995;24;;;;;10005;24;;;;;10000.0;1100.0
0;65800;STARFRUIT;5037;1;5036;30;;;5043;30;;;;;5040.0;1056.2978515625
0;65800;AMETHYSTS;10002;4;9995;30;;;10005;30;;;;;10003.5;1100.0
0;65900;AMETHYSTS;9996;2;9995;24;;;10004;2;10005;24;;;10000.0;1108.0
0;65900;STARFRUIT;5037;2;5036;24;;;5043;26;;;;;5040.0;1055.0478515625
0;66000;STARFRUIT;5037;7;5036;24;;;5043;25;;;;;5040.0;1055.1171875
0;66000;AMETHYSTS;9996;1;9995;24;;;10004;1;10005;24;;;10000.0;1108.0
0;66100;STARFRUIT;5042;1;5037;25;;;5043;2;5044;23;;;5042.5;1054.64453125
0;66100;AMETHYSTS;9996;2;9995;23;;;10004;2;10005;23;;;10000.0;1108.0
0;66200;STARFRUIT;5041;5;5037;23;;;5043;1;5044;22;;;5042.0;1060.15234375
0;66200;AMETHYSTS;10002;1;9996;1;9995;22;10004;1;10005;22;;;10003.0;1114.0
0;66300;AMETHYSTS;10000;3;9995;20;;;10002;5;10005;20;;;10001.0;1116.0
0;66300;STARFRUIT;5040;3;5037;20;;;5044;20;;;;;5042.0;1062.8515625
0;66400;STARFRUIT;5037;2;5036;24;;;5043;26;;;;;5040.0;1078.4921875
0;66400;AMETHYSTS;9996;2;9995;24;;;10004;2;10005;24;;;10000.0;1116.0
0;66500;STARFRUIT;5042;1;5037;31;;;5043;1;5044;30;;;5042.5;1076.921875
0;66500;AMETHYSTS;9996;1;9995;30;;;10004;1;10005;30;;;10000.0;1116.0
0;66600;STARFRUIT;5037;31;;;;;5044;31;;;;;5040.5;1084.8359375
0;66600;AMETHYSTS;10002;3;9998;1;9996;2;10004;2;10005;29;;;10003.0;1116.0
0;66700;AMETHYSTS;9996;1;9995;25;;;10004;1;10005;25;;;10000.0;1124.0
0;66700;STARFRUIT;5038;5;5037;26;;;5044;26;;;;;5041.0;1081.40625
0;66800;STARFRUIT;5038;1;5037;25;;;5044;26;;;;;5041.0;1073.5859375
0;66800;AMETHYSTS;9996;1;9995;25;;;10004;1;10005;25;;;10000.0;1124.0
0;66900;STARFRUIT;5037;3;5036;20;;;5043;20;;;;;5040.0;1093.0546875
0;66900;AMETHYSTS;9995;20;;;;;10005;20;;;;;10000.0;1124.0
0;67000;STARFRUIT;5036;24;;;;;5042;2;5043;22;;;5039.0;1107.1953125
0;67000;AMETHYSTS;9998;1;9996;2;9995;22;10004;2;10005;22;;;10001.0;1124.0
0;67100;AMETHYSTS;9996;1;9995;25;;;10004;1;10005;25;;;10000.0;1124.0
0;67100;STARFRUIT;5036;26;;;;;5043;26;;;;;5039.5;1099.25
0;67200;STARFRUIT;5036;23;;;;;5041;6;5043;23;;;5038.5;1099.734375
0;67200;AMETHYSTS;9995;23;;;;;10005;23;;;;;10000.0;1124.0
0;67300;STARFRUIT;5038;1;5037;22;;;5043;1;5044;21;;;5040.5;1085.671875
0;67300;AMETHYSTS;9996;1;9995;21;;;10004;1;10005;21;;;10000.0;1124.0
0;67400;STARFRUIT;5038;8;5037;29;;;5044;29;;;;;5041.0;1085.265625
0;67400;AMETHYSTS;9996;1;9995;28;;;10004;1;10005;28;;;10000.0;1124.0
0;67500;AMETHYSTS;9995;22;;;;;10005;22;;;;;10000.0;1139.0
0;67500;STARFRUIT;5037;22;;;;;5044;22;;;;;5040.5;1073.5625
0;67600;STARFRUIT;5038;1;5037;25;;;5044;26;;;;;5041.0;1072.734375
0;67600;AMETHYSTS;9996;1;9995;25;;;10004;1;10005;25;;;10000.0;1139.0
0;67700;AMETHYSTS;9996;2;9995;21;;;10000;3;10004;2;10005;21;9998.0;1139.0
0;67700;STARFRUIT;5037;23;;;;;5040;3;5044;23;;;5038.5;1080.765625
0;67800;AMETHYSTS;9996;2;9995;30;;;10004;2;10005;30;;;10000.0;1139.0
0;67800;STARFRUIT;5038;6;5037;32;;;5044;32;;;;;5041.0;1082.4609375
0;67900;AMETHYSTS;9995;26;;;;;10005;26;;;;;10000.0;1154.0
0;67900;STARFRUIT;5036;26;;;;;5043;26;;;;;5039.5;1092.96875
0;68000;STARFRUIT;5042;1;5036;25;;;5043;25;;;;;5042.5;1094.7734375
0;68000;AMETHYSTS;9995;25;;;;;10002;5;10005;25;;;9998.5;1154.0
0;68100;AMETHYSTS;9996;1;9995;26;;;10002;8;10004;1;10005;26;9999.0;1154.0
0;68100;STARFRUIT;5037;7;5036;27;;;5042;1;5043;26;;;5039.5;1103.75
0;68200;AMETHYSTS;9996;1;9995;23;;;9998;1;10004;1;10005;23;9997.0;1154.0
0;68200;STARFRUIT;5036;1;5035;23;;;5042;24;;;;;5039.0;1109.984375
0;68300;AMETHYSTS;9996;1;9995;25;;;10002;4;10004;1;10005;25;9999.0;1156.0
0;68300;STARFRUIT;5035;1;5034;25;;;5041;26;;;;;5038.0;1126.71875
0;68400;STARFRUIT;5034;31;;;;;5041;31;;;;;5037.5;1129.84375
0;68400;AMETHYSTS;10002;1;9996;1;9995;30;10004;1;10005;30;;;10003.0;1156.0
0;68500;AMETHYSTS;9996;1;9995;22;;;10004;1;10005;22;;;10000.0;1158.0
0;68500;STARFRUIT;5035;1;5034;22;;;5039;5;5041;23;;;5037.0;1124.4375
0;68600;AMETHYSTS;9995;27;;;;;9998;1;10005;27;;;9996.5;1161.0
0;68600;STARFRUIT;5034;27;;;;;5042;27;;;;;5038.0;1119.03515625
0;68700;AMETHYSTS;9998;10;9996;2;9995;20;10004;2;10005;20;;;10001.0;1163.0
0;68700;STARFRUIT;5035;22;;;;;5041;2;5042;20;;;5038.0;1118.07421875
0;68800;STARFRUIT;5035;1;5034;30;;;5037;6;5041;1;5042;30;5036.0;1119.109375
0;68800;AMETHYSTS;9996;1;9995;30;;;10000;6;10002;1;10004;1;9998.0;1163.0
0;68900;AMETHYSTS;9998;3;9996;2;9995;23;10004;2;10005;23;;;10001.0;1163.0
0;68900;STARFRUIT;5035;25;;;;;5041;2;5042;23;;;5038.0;1124.12890625
0;69000;AMETHYSTS;9996;1;9995;27;;;10004;1;10005;27;;;10000.0;1163.0
0;69000;STARFRUIT;5035;28;;;;;5041;1;5042;27;;;5038.0;1124.59765625
0;69100;AMETHYSTS;9996;1;9995;25;;;10004;1;10005;25;;;10000.0;1163.0
0;69100;STARFRUIT;5036;1;5035;26;;;5041;1;5042;25;;;5038.5;1124.736328125
0;69200;STARFRUIT;5035;21;;;;;5042;21;;;;;5038.5;1124.734375
0;69200;AMETHYSTS;9996;1;9995;20;;;10002;8;10004;1;10005;20;9999.0;1166.0
0;69300;AMETHYSTS;9996;1;9995;23;;;10004;1;10005;23;;;10000.0;1166.0
0;69300;STARFRUIT;5035;1;5034;23;;;5041;24;;;;;5038.0;1126.8828125
0;69400;AMETHYSTS;9995;22;;;;;10005;22;;;;;10000.0;1166.0
0;69400;STARFRUIT;5035;4;5034;22;;;5041;22;;;;;5038.0;1130.20703125
0;69500;AMETHYSTS;9996;1;9995;30;;;10002;8;10004;1;10005;30;9999.0;1166.0
0;69500;STARFRUIT;5034;2;5033;31;;;5039;1;5040;30;;;5036.5;1135.0546875
0;69600;STARFRUIT;5033;27;;;;;5040;27;;;;;5036.5;1133.4140625
0;69600;AMETHYSTS;9996;2;9995;25;;;10004;2;10005;25;;;10000.0;1166.0
0;69700;AMETHYSTS;10002;1;9996;2;9995;24;10004;2;10005;24;;;10003.0;1166.0
0;69700;STARFRUIT;5033;26;;;;;5040;26;;;;;5036.5;1133.693359375
0;69800;AMETHYSTS;9996;1;9995;22;;;10004;1;10005;22;;;10000.0;1168.0
0;69800;STARFRUIT;5034;22;;;;;5040;1;5041;22;;;5037.0;1130.560546875
0;69900;STARFRUIT;5034;26;;;;;5040;2;5041;24;;;5037.0;1130.6796875
0;69900;AMETHYSTS;10002;1;9998;10;9996;2;10004;2;10005;24;;;10003.0;1168.0
0;70000;AMETHYSTS;9996;2;9995;28;;;10004;2;10005;28;;;10000.0;1170.0
0;70000;STARFRUIT;5034;2;5033;28;;;5040;2;5041;28;;;5037.0;1130.953125
0;70100;AMETHYSTS;10002;1;9995;27;;;10005;27;;;;;10003.5;1170.0
0;70100;STARFRUIT;5033;27;;;;;5034;1;5040;27;;;5033.5;1132.689453125
0;70200;AMETHYSTS;9996;2;9995;28;;;10004;2;10005;28;;;10000.0;1172.0
0;70200;STARFRUIT;5033;30;;;;;5040;30;;;;;5036.5;1134.9921875
0;70300;STARFRUIT;5034;5;5033;24;;;5040;25;;;;;5037.0;1134.779296875
0;70300;AMETHYSTS;9998;10;9996;1;9995;24;10004;1;10005;24;;;10001.0;1172.0
0;70400;AMETHYSTS;10002;13;9996;2;9995;29;10004;2;10005;29;;;10003.0;1175.0
0;70400;STARFRUIT;5034;31;;;;;5041;31;;;;;5037.5;1134.416015625
0;70500;AMETHYSTS;10002;1;9995;21;;;10005;21;;;;;10003.5;1201.0
0;70500;STARFRUIT;5034;21;;;;;5035;3;5041;21;;;5034.5;1134.625
0;70600;AMETHYSTS;10002;1;10000;3;9996;1;10004;1;10005;22;;;10003.0;1203.0
0;70600;STARFRUIT;5036;2;5034;1;5033;22;5040;1;5041;22;;;5038.0;1142.029296875
0;70700;STARFRUIT;5033;27;;;;;5040;27;;;;;5036.5;1142.8173828125
0;70700;AMETHYSTS;9995;27;;;;;10005;27;;;;;10000.0;1205.0
0;70800;AMETHYSTS;9996;2;9995;20;;;9998;5;10002;8;10004;2;9997.0;1209.0
0;70800;STARFRUIT;5033;22;;;;;5040;22;;;;;5036.5;1146.0537109375
0;70900;AMETHYSTS;9995;21;;;;;10005;21;;;;;10000.0;1219.0
0;70900;STARFRUIT;5033;21;;;;;5034;1;5040;21;;;5033.5;1145.29296875
0;71000;AMETHYSTS;9996;2;9995;28;;;9998;3;10004;2;10005;28;9997.0;1219.0
0;71000;STARFRUIT;5034;2;5033;28;;;5038;1;5040;30;;;5036.0;1147.296875
0;71100;STARFRUIT;5035;6;5034;30;;;5041;30;;;;;5038.0;1146.34765625
0;71100;AMETHYSTS;9998;4;9995;30;;;10005;30;;;;;10001.5;1225.0
0;71200;AMETHYSTS;9996;1;9995;27;;;9998;1;10004;1;10005;27;9997.0;1235.0
0;71200;STARFRUIT;5035;1;5034;27;;;5041;28;;;;;5038.0;1145.3134765625
0;71300;AMETHYSTS;9996;2;9995;28;;;10004;2;10005;28;;;10000.0;1237.0
0;71300;STARFRUIT;5035;2;5034;28;;;5040;8;5041;2;5042;28;5037.5;1145.0126953125
0;71400;AMETHYSTS;10002;2;9996;2;9995;25;10004;2;10005;25;;;10003.0;1237.0
0;71400;STARFRUIT;5036;2;5035;25;;;5040;6;5042;27;;;5038.0;1143.34765625
0;71500;STARFRUIT;5035;26;;;;;5040;5;5042;26;;;5037.5;1143.5283203125
0;71500;AMETHYSTS;9995;26;;;;;10005;26;;;;;10000.0;1245.0
0;71600;AMETHYSTS;9998;7;9996;2;9995;29;10004;2;10005;29;;;10001.0;1245.0
0;71600;STARFRUIT;5035;31;;;;;5042;31;;;;;5038.5;1143.4755859375
0;71700;AMETHYSTS;9996;1;9995;25;;;9998;1;10004;1;10005;25;9997.0;1245.0
0;71700;STARFRUIT;5035;26;;;;;5042;26;;;;;5038.5;1143.607421875
0;71800;AMETHYSTS;9995;22;;;;;9998;1;10005;22;;;9996.5;1250.0
0;71800;STARFRUIT;5035;22;;;;;5042;22;;;;;5038.5;1143.29296875
0;71900;STARFRUIT;5036;30;;;;;5043;30;;;;;5039.5;1142.1416015625
0;71900;AMETHYSTS;9996;2;9995;28;;;10004;2;10005;28;;;10000.0;1250.0
0;72000;AMETHYSTS;9998;2;9996;1;9995;23;10004;1;10005;23;;;10001.0;1250.0
0;72000;STARFRUIT;5036;24;;;;;5043;24;;;;;5039.5;1142.1533203125
0;72100;AMETHYSTS;9996;2;9995;24;;;9998;1;10004;2;10005;24;9997.0;1250.0
0;72100;STARFRUIT;5035;26;;;;;5042;26;;;;;5038.5;1143.5185546875
0;72200;AMETHYSTS;9995;25;;;;;9998;1;10005;25;;;9996.5;1250.0
0;72200;STARFRUIT;5035;25;;;;;5042;25;;;;;5038.5;1143.8388671875
0;72300;STARFRUIT;5036;1;5035;22;;;5040;3;5042;23;;;5038.0;1143.3798828125
0;72300;AMETHYSTS;9996;1;9995;22;;;10004;1;10005;22;;;10000.0;1250.0
0;72400;AMETHYSTS;9995;25;;;;;10005;25;;;;;10000.0;1250.0
0;72400;STARFRUIT;5036;25;;;;;5043;25;;;;;5039.5;1141.98046875
0;72500;AMETHYSTS;10000;4;9996;2;9995;20;10004;2;10005;20;;;10002.0;1250.0
0;72500;STARFRUIT;5039;4;5037;2;5036;20;5043;22;;;;;5041.0;1141.2197265625
0;72600;AMETHYSTS;9998;8;9995;28;;;10005;28;;;;;10001.5;1250.0
0;72600;STARFRUIT;5036;28;;;;;5043;28;;;;;5039.5;1141.3173828125
0;72700;STARFRUIT;5036;28;;;;;5043;28;;;;;5039.5;1142.541015625
0;72700;AMETHYSTS;9995;28;;;;;10005;28;;;;;10000.0;1250.0
0;72800;AMETHYSTS;9996;2;9995;27;;;10004;2;10005;27;;;10000.0;1250.0
0;72800;STARFRUIT;5036;29;;;;;5037;8;5043;29;;;5036.5;1142.0556640625
0;72900;AMETHYSTS;9996;1;9995;22;;;10002;4;10004;1;10005;22;9999.0;1250.0
0;72900;STARFRUIT;5037;2;5036;23;;;5043;23;;;;;5040.0;1161.078125
0;73000;AMETHYSTS;9995;21;;;;;10005;21;;;;;10000.0;1250.0
0;73000;STARFRUIT;5036;21;;;;;5041;8;5043;21;;;5038.5;1164.328125
0;73100;STARFRUIT;5037;28;;;;;5042;3;5043;1;5044;27;5039.5;1165.86328125
0;73100;AMETHYSTS;9996;1;9995;27;;;10002;7;10004;1;10005;27;9999.0;1250.0
0;73200;AMETHYSTS;9996;1;9995;23;;;10002;7;10004;1;10005;23;9999.0;1250.0
0;73200;STARFRUIT;5037;24;;;;;5044;24;;;;;5040.5;1167.85546875
0;73300;AMETHYSTS;9996;2;9995;23;;;10004;2;10005;23;;;10000.0;1250.0
0;73300;STARFRUIT;5037;25;;;;;5044;25;;;;;5040.5;1169.6015625
0;73400;AMETHYSTS;9995;30;;;;;10002;6;10005;30;;;9998.5;1250.0
0;73400;STARFRUIT;5038;30;;;;;5045;30;;;;;5041.5;1171.4375
0;73500;STARFRUIT;5038;25;;;;;5044;1;5045;24;;;5041.0;1172.1484375
0;73500;AMETHYSTS;9998;6;9996;1;9995;24;10004;1;10005;24;;;10001.0;1250.0
0;73600;AMETHYSTS;9995;30;;;;;9998;1;10005;30;;;9996.5;1250.0
0;73600;STARFRUIT;5038;30;;;;;5045;30;;;;;5041.5;1172.72265625
0;73700;AMETHYSTS;10002;4;9995;25;;;10005;25;;;;;10003.5;1260.0
0;73700;STARFRUIT;5038;25;;;;;5045;25;;;;;5041.5;1177.44140625
0;73800;AMETHYSTS;9998;1;9996;1;9995;21;10004;1;10005;21;;;10001.0;1268.0
0;73800;STARFRUIT;5038;22;;;;;5045;22;;;;;5041.5;1178.984375
0;73900;STARFRUIT;5038;27;;;;;5046;27;;;;;5042.0;1183.02734375
0;73900;AMETHYSTS;9995;27;;;;;10005;27;;;;;10000.0;1268.0
0;74000;AMETHYSTS;10000;5;9996;2;9995;27;10004;2;10005;27;;;10002.0;1276.0
0;74000;STARFRUIT;5041;6;5039;7;5038;29;5045;29;;;;;5043.0;1186.953125
0;74100;AMETHYSTS;9998;5;9996;1;9995;23;10004;1;10005;23;;;10001.0;1276.0
0;74100;STARFRUIT;5042;3;5038;24;;;5045;24;;;;;5043.5;1185.890625
0;74200;STARFRUIT;5038;31;;;;;5043;7;5045;31;;;5040.5;1185.2578125
0;74200;AMETHYSTS;9996;1;9995;30;;;10002;1;10004;1;10005;30;9999.0;1276.0
0;74300;STARFRUIT;5039;1;5038;26;;;5043;3;5045;27;;;5041.0;1188.34765625
0;74300;AMETHYSTS;9998;6;9996;1;9995;26;10004;1;10005;26;;;10001.0;1278.0
0;74400;STARFRUIT;5039;23;;;;;5046;23;;;;;5042.5;1191.90625
0;74400;AMETHYSTS;9996;2;9995;21;;;10004;2;10005;21;;;10000.0;1281.0
0;74500;AMETHYSTS;9996;2;9995;24;;;10004;2;10005;24;;;10000.0;1281.0
0;74500;STARFRUIT;5044;1;5043;3;5039;26;5046;26;;;;;5045.0;1190.986328125
0;74600;STARFRUIT;5040;1;5039;29;;;5046;29;;;;;5043.0;1192.1796875
0;74600;AMETHYSTS;9996;2;9995;27;;;9998;2;10004;2;10005;27;9997.0;1281.0
0;74700;STARFRUIT;5039;27;;;;;5046;27;;;;;5042.5;1192.58203125
0;74700;AMETHYSTS;9996;1;9995;26;;;10004;1;10005;26;;;10000.0;1285.0
0;74800;STARFRUIT;5039;3;5038;24;;;5045;26;;;;;5042.0;1190.84375
0;74800;AMETHYSTS;9996;2;9995;24;;;10004;2;10005;24;;;10000.0;1285.0
0;74900;AMETHYSTS;9996;1;9995;27;;;10004;1;10005;27;;;10000.0;1285.0
0;74900;STARFRUIT;5039;1;5038;27;;;5045;1;5046;27;;;5042.0;1190.884765625
0;75000;STARFRUIT;5039;1;5038;21;;;5045;22;;;;;5042.0;1190.529296875
0;75000;AMETHYSTS;9996;1;9995;21;;;9998;4;10004;1;10005;21;9997.0;1285.0
0;75100;STARFRUIT;5039;2;5038;26;;;5045;2;5046;26;;;5042.0;1192.9375
0;75100;AMETHYSTS;9996;2;9995;26;;;10002;8;10004;2;10005;26;9999.0;1296.0
0;75200;STARFRUIT;5040;7;5039;31;;;5046;31;;;;;5043.0;1194.85546875
0;75200;AMETHYSTS;9996;1;9995;30;;;10004;1;10005;30;;;10000.0;1296.0
0;75300;AMETHYSTS;9998;7;9996;1;9995;26;10004;1;10005;26;;;10001.0;1296.0
0;75300;STARFRUIT;5040;27;;;;;5046;1;5047;26;;;5043.0;1199.421875
0;75400;STARFRUIT;5039;25;;;;;5046;25;;;;;5042.5;1195.09765625
0;75400;AMETHYSTS;9995;25;;;;;10005;25;;;;;10000.0;1296.0
0;75500;STARFRUIT;5039;23;;;;;5046;23;;;;;5042.5;1195.96875
0;75500;AMETHYSTS;9996;1;9995;22;;;10004;1;10005;22;;;10000.0;1296.0
